3236 5020
328 341 370 404 54
874 335 907 400 11

251 526 301 574 415
327 506 360 570 in
386 524 482 572 nares
504 504 685 589 hominum,
703 526 774 570 oum
795 510 898 571 taetra
921 505 1081 570 cadavera
1103 511 1243 591 torrent,

329 628 454 686 etcum
477 640 574 686 scena
597 641 689 688 croco
716 621 805 686 Cilici
827 620 958 705 perfusa
977 641 1090 686 recens
1113 627 1160 686 est

328 755 451 816 araque
474 735 658 800 Panchaeos
681 736 811 800 exhalat
832 741 963 819 propter
984 736 1124 814 odores;

327 869 410 914 neve
433 851 536 914 bonos
557 869 661 914 rerum
683 850 780 914 simili
802 855 950 913 constare
972 850 1096 914 colores

328 964 450 1028 semine
474 965 667 1047 constituas,
684 964 795 1028 oculos
818 963 872 1044 qui
894 981 1028 1046 pascere
1048 973 1203 1050 possunt,

254 1101 305 1146 420
330 1079 436 1160 etqui
459 1084 666 1163 conpungunt
688 1079 791 1142 aciem
814 1077 1047 1176 lacrimareque
1070 1086 1188 1161 cogunt

329 1199 384 1257 aut
406 1191 504 1257 foeda
525 1193 632 1276 specie
657 1192 716 1254 diri
739 1198 910 1275 turpesque
931 1192 1102 1257 videntur.

329 1307 431 1371 omnis
455 1307 558 1389 enim,
575 1326 688 1372 sensus
713 1327 797 1392 quae
821 1307 938 1370 mulcet
961 1326 1114 1387 eumque,
1130 1307 1232 1387 figura

331 1420 408 1484 haut
430 1421 498 1484 sine
520 1422 689 1505 principali
714 1421 821 1502 aliquo
845 1421 952 1484 levore
976 1428 1132 1486 creatast:

330 1542 363 1599 at
384 1541 495 1600 contra
518 1555 601 1615 qnae
624 1555 757 1616 cumque
779 1535 1035 1630 molestamque
1059 1555 1177 1620 aspera
1199 1542 1344 1621 constat,

257 1671 307 1717 420
333 1671 398 1712 non
420 1648 530 1729 aliquo
554 1650 623 1714 sine
646 1650 798 1714 materiae
821 1651 970 1730 squalore
994 1656 1170 1734 repertast.

239 1779 241 1784 ’
332 1770 404 1828 sunt
426 1763 522 1827 etiam
546 1785 627 1845 qnae
649 1766 714 1828 iam
737 1783 797 1829 nee
820 1764 906 1828 levia
928 1765 994 1828 ime
1016 1770 1168 1848 putantur

333 1897 405 1942 4444
427 1898 532 1960 neque
556 1880 683 1943 omnino
706 1877 798 1943 flexis
820 1879 1024 1944 mucronibus
1044 1897 1146 1959 unca,

334 1991 392 2054 sed
414 1993 518 2074 magis
540 1993 678 2074 angellis
700 1994 830 2076 paulum
852 1992 1075 2075 prestantibu’‚
1093 2013 1238 2074 quaeque

334 2103 463 2170 titillare
486 2108 588 2190 magis
611 2128 722 2172 sensus
746 2126 843 2186 quam
865 2105 994 2170 laedere
1016 2113 1167 2190 possuut;

260 2240 311 2286 430
336 2218 442 2284 fecula
464 2222 528 2286 iam
551 2242 612 2303 quo
636 2223 676 2286 de
698 2240 817 2304 genere
840 2225 889 2284 est
910 2220 1081 2302 inulaeque
1103 2241 1257 2306 sapores.

336 2332 473 2416 denique
495 2336 558 2399 iam
581 2337 705 2402 calidos
726 2337 810 2419 iguis
833 2337 1036 2419 gelidamque
1058 2337 1204 2420 pruinam

337 2447 484 2512 dissimili
508 2450 637 2514 dentata
658 2451 755 2517 modo
778 2471 981 2535 conpungere
1004 2471 1117 2516 sensus

337 2565 499 2647 eorporis,
515 2565 633 2629 indicio
656 2566 748 2630 nobis
771 2575 819 2630 est
840 2573 944 2631 tactus
965 2573 1120 2649 uterque.

336 2684 439 2742 motus
462 2680 567 2756 enim,
584 2685 686 2745 tactus
700 2732 708 2756 ‚
724 2702 802 2764 pro,
819 2681 926 2745 divum
949 2680 1078 2744 numina
1100 2683 1232 2762 sancta,

263 2813 313 2859 445
339 2781 481 2877 corporis
506 2800 557 2872 est
576 2813 708 2874 sensus,
724 2796 778 2859 vel
799 2815 869 2871 cum
890 2816 941 2861 444
966 2803 1076 2860 4444444
1099 2813 1170 2859 4444

338 2907 494 2992 insinuat,
511 2909 562 2978 vel
586 2929 656 2973 eum
679 2910 779 2974 laedit
801 2930 884 2992 quae
906 2911 939 2974 in
962 2929 1094 2994 corpore
1116 2915 1225 2974 natast
1251 2943 1252 2948 κ

338 3027 394 3086 aut
415 3023 504 3086 iuvat
525 3023 694 3105 egrediens
719 3026 868 3107 genitalis
889 3046 947 3110 per
968 3024 1104 3090 Veneris
1127 3044 1199 3088 res.

339 3141 436 3217 atque
458 3156 498 3201 en
521 3138 644 3204 offensu
666 3160 736 3204 cum
757 3142 887 3205 turbant
909 3158 1042 3223 corpore
1064 3139 1097 3202 in
1119 3123 1190 3222 ipso

341 3250 484 3334 semina,
502 3251 698 3318 confundunt
719 3257 802 3322 inter
823 3276 859 3321 se
882 3255 1005 3320 concita
1027 3273 1176 3331 sensum;

264 3385 316 3431 440
339 3370 374 3427 ut
397 3364 424 3428 si
446 3365 526 3430 forte
548 3389 642 3433 manu
667 3371 811 3451 quamvis
832 3371 897 3434 iam
920 3368 1062 3452 corporis
1083 3367 1154 3450 ipse

341 3485 406 3542 tute
429 3479 487 3544 tibi
509 3489 633 3565 partem
655 3483 751 3549 serias
774 3491 870 3565 atque
892 3482 1079 3566 experiare.

341 3612 404 3674 qua
426 3602 555 3680 propter
577 3599 672 3680 longe
695 3598 817 3664 formas
840 3596 960 3660 distare
983 3600 1145 3659 necessest

340 3707 522 3793 principiis,
538 3712 644 3776 varios
666 3731 750 3793 quae
772 3711 896 3794 possint
919 3709 1172 3778 ederesensus.

380 3824 526 3906 Denique
549 3845 633 3907 quae
657 3825 750 3889 uubis
772 3824 887 3888 durata
909 3843 947 3886 ac
969 3822 1076 3905 spissa
1097 3823 1261 3908 videntur,

341 4007 541 4015 -ᾕ-

344 4129 393 4175 421
414 4127 439 4174 di
461 4122 473 4193 ΙΙ
494 4129 544 4174 422
558 4126 691 4174 videntur.
712 4122 725 4192 ΙΙ
745 4127 796 4173 423
815 4125 869 4174 Aut
883 4123 896 4194 Η
917 4127 1011 4177 leviore
1030 4124 1044 4195 ΙΙ
1064 4130 1113 4175 427
1134 4140 1266 4186 uncaque.
1287 4121 1300 4190 Η
1321 4125 1372 4173 428
1386 4137 1463 4187 ange·

344 4214 385 4262 liis
406 4212 418 4277 {l
440 4225 554 4273 quaeque
578 4211 717 4260 omasum.
738 4207 751 4278 ΙΙ
772 4214 822 4260 429
847 4213 965 4264 Titiliare
985 4213 998 4282 ll
1018 4217 1070 4264 430
1094 4213 1163 4274 qnod
1182 4208 1196 4278 Η
1219 4211 1353 4271 inviasque
1372 4203 1386 4276 ΙΙ
1410 4211 1462 4259 437

344 4299 461 4362 grediens
481 4293 495 4362 Η
515 4299 565 4346 438
584 4299 638 4346 Aut
