3240 5010
325 373 389 438 220
863 367 907 430 VI

327 560 422 623 quam
447 559 517 604 oum
540 537 685 622 disoldit,
701 538 775 602 hino
798 536 1013 623 prorumpitur
1035 537 1068 602 in
1090 557 1180 603 maro
1203 537 1289 604 venti

326 654 374 719 vis
397 661 428 716 et
450 654 607 718 fervorem
629 654 743 718 mirum
767 653 937 718 oonoinnat
958 651 992 714 in
1014 652 1129 718 undis:

242 765 246 772 “
326 767 550 834 versabundus
573 767 657 831 enim
679 767 770 832 turbo
794 765 960 832 deseendit
981 771 1013 831 et
1034 767 1123 832 illam

326 882 456 948 deducit
478 882 596 965 pariter
618 882 703 947 lento
727 901 798 944 oum
823 899 957 964 oorpore
979 881 1119 962 nubem3

250 1017 301 1063 440
328 1016 424 1078 quam
447 997 540 1061 simul
563 1016 601 1060 ao
623 996 789 1080 gravidam
814 995 947 1060 detrusit
968 999 1010 1062 ad
1034 1016 1178 1080 aequora
1200 995 1310 1080 ponti.

327 1111 381 1176 ille
404 1112 436 1175 in
459 1131 575 1194 aquam
599 1111 702 1176 subito
725 1115 825 1174 totum
848 1131 891 1176 se·
905 1113 1031 1178 inmittit
1054 1119 1085 1178 et
1107 1129 1200 1176 omno

328 1226 447 1290 excitat
468 1226 590 1309 ingenti
613 1225 718 1290 sonitu
742 1244 828 1290 mare
851 1225 976 1292 fervere
1000 1245 1138 1312 cogens.

327 1340 360 1404 lit
383 1359 511 1423 quoque
536 1346 570 1404 ut
592 1341 732 1407 involvat
753 1341 837 1406 venti
861 1361 897 1406 se
921 1342 1056 1407 nubibus
1078 1343 1146 1426 ipse

327 1461 453 1538 vertent,
470 1455 650 1520 conradens
673 1475 713 1520 ex
736 1463 810 1520 ae're
834 1455 955 1520 semina
978 1458 1092 1539 nubis,

251 1589 302 1635 445
329 1573 360 1632 01
383 1570 473 1650 quasi
496 1571 666 1635 demissum
690 1571 781 1636 eaelo
805 1578 949 1654 prestera
970 1571 1127 1636 imitetur:

327 1684 378 1747 hio
400 1685 453 1747 ubi
477 1704 512 1749 se
534 1684 569 1748 in
591 1694 693 1751 terras
717 1685 845 1750 demisit
866 1686 1099 1768 dissoluitque,
1184 1729 1190 1738 ·

327 1799 461 1863 turbinis
483 1801 643 1863 inmanem
666 1801 728 1864 vim
753 1800 910 1881 provomit
932 1807 1029 1880 atque
1051 1799 1234 1883 procellae.

326 1911 383 1977 sed
407 1915 483 1995 quia
505 1913 539 1977 lit
561 1934 634 1978 raro
659 1914 787 1978 omnino
811 1912 989 1994 montisque
1012 1919 1176 1979 necessest

327 2027 453 2092 offioere
476 2028 508 2089 in
530 2029 641 2112 terris,
658 2034 795 2112 apparet
816 2026 956 2092 erebrius
979 2025 1064 2092 idem

253 2163 304 2208 450
328 2149 497 2225 prospectu
522 2144 617 2206 maris
638 2143 671 2206 in
693 2162 810 2224 magno
834 2142 986 2224 oaeloque
1009 2142 1149 2226 patenti.

365 2256 484 2323 Nubila
506 2264 733 2334 concrescunt,
750 2257 804 2322 ubi
827 2277 963 2340 oorpora
986 2258 1085 2322 multa
1107 2257 1246 2323 volando

327 2371 386 2436 boo
408 2392 524 2456 supero
547 2373 579 2436 in
603 2373 683 2438 oaeli
707 2374 811 2457 spatio
835 2381 940 2438 oo'r'ere
964 2379 1093 2455 repente

326 2487 514 2571 asperiora,
530 2489 628 2553 moris
651 2507 735 2570 quae
757 2488 882 2573 possint
904 2488 1092 2572 indupedita

327 2601 454 2681 exiguis
477 2609 584 2667 tamen
607 2604 688 2670 inter
712 2623 747 2668 se
770 2622 960 2688 eomprensa
983 2603 1102 2668 teneri.

252 2733 302 2781 455
329 2713 409 2780 haee
431 2715 551 2782 iaoiunt
575 2718 709 2800 primurn
732 2739 850 2803 parvas
873 2720 1047 2784 oonsistere
1070 2719 1191 2784 nubes:

329 2829 403 2894 inde
426 2833 506 2898 haeo
530 2837 761 2918 oonprendunt
782 2835 865 2898 inter
888 2853 922 2896 se
945 2851 1071 2916 oonque
1092 2837 1267 2918 gregantur

328 2953 359 3011 et
381 2948 603 3029 ooniuogendo
627 2956 775 3014 oresount
797 2948 963 3030 ventisque
986 2941 1130 3013 seruntur

331 3081 432 3142 usque
455 3062 538 3127 adeo
562 3063 663 3128 donee
685 3068 860 3146 tempestas
882 3083 980 3130 saeva
1002 3069 1161 3128 ooortast.

328 3178 364 3242 fit
386 3197 514 3260 quoque
536 3179 581 3241 uti
604 3178 719 3244 montis
741 3178 847 3243 vioina
870 3177 1035 3244 eacumina
1057 3177 1149 3242 eaelo

255 3313 306 3359 460
332 3313 426 3375 quam
449 3293 511 3358 sint
533 3312 660 3375 quoque
683 3294 806 3377 magis,
823 3299 909 3357 tanto
936 3292 1038 3376 magis
1062 3294 1148 3358 edita
1169 3292 1293 3360 tument

329 3407 462 3473 adsidue
484 3407 594 3473 furvae
617 3409 710 3474 nubis
734 3408 872 3491 ealigine
895 3427 1005 3474 orassa

330 3531 502 3607 propterea
524 3524 618 3605 quia,
635 3545 705 3590 oum
729 3524 906 3590 oonsistunt
929 3523 1037 3588 nubila
1060 3522 1196 3607 primum
1209 3536 1228 3608 ,¹

332 3642 408 3702 ante
433 3639 540 3703 videre
564 3640 646 3704 oouli
669 3661 762 3721 quam
787 3639 932 3722 possint,
947 3638 1075 3720 tenvia,
1091 3637 1176 3702 venti

330 3758 495 3836 portantes
517 3761 634 3839 cogunt
656 3755 700 3821 ad
723 3775 847 3820 summa
870 3754 1035 3818 eacumina
1058 3751 1193 3818 montis:

256 3889 308 3937 405
333 3868 385 3934 hio
409 3869 536 3934 demum
557 3870 592 3934 fit
613 3871 659 3936 uti
681 3873 776 3937 turba
798 3869 919 3934 maiore
942 3873 1053 3933 coorta

332 4053 532 4062 —-—-———--

335 4173 386 4220 436
405 4181 479 4221 vent.
505 4171 518 4239 Η
545 4175 596 4221 440
616 4173 709 4221 detruit
734 4169 747 4240 ΙΙ
772 4175 824 4221 444
841 4172 894 4222 5051
921 4169 934 4238 ll
960 4174 1010 4220 447
1030 4171 1169 4235 procellat.
1194 4167 1207 4236 ΙΙ
1232 4172 1283 4219 449
1304 4169 1425 4219 01600505
1445 4167 1459 4236 ΙΙ

335 4260 386 4308 452
405 4274 479 4322 super
504 4255 519 4325 Η
543 4259 613 4308 00150
637 4255 650 4325 ll
671 4261 721 4308 453
740 4260 823 4308 modis
844 4261 856 4326 ΙΙ
877 4261 929 4309 454
948 4274 1091 4324 compressa
1112 4254 1125 4324 ll
1145 4259 1195 4308 466
1215 4272 1246 4306 05
1270 4253 1283 4324 ll
1304 4259 1353 4308 461
1375 4256 1460 4308 fulvae

336 4346 415 4395 nubes
437 4343 449 4414 11
469 4348 520 4395 466
538 4361 620 4395 mmor
