3266 4994
353 387 412 452 142
881 381 936 444 llll

275 574 323 621 827
350 573 502 639 proceros
523 571 661 636 passus,
677 551 750 616 ideo
774 552 900 636 fastigia
921 571 1019 636 posse

350 688 494 732 surarum
517 687 556 734 ac
577 666 728 731 seminum
750 667 885 750 pedibus
906 666 1040 732 fundata
1061 668 1194 752 plicari,

348 783 500 849 bracchia
521 788 586 845 turn
608 801 703 864 porro
725 782 843 846 validis
867 802 906 848 ex
929 788 1006 866 apta
1029 759 1159 848 lacertis

273 920 324 967 sac
349 918 420 963 esse
444 916 620 976 manusque
645 896 737 962 datas
760 903 893 980 utraque
917 905 1071 983 exparte
1095 898 1275 982 ministras,

349 1019 384 1077 ut
405 1014 511 1077 facere
534 1011 695 1076 advitam
718 1033 886 1096 possemus
909 1034 993 1095 quac
1017 1015 1098 1078 foret
1119 1033 1216 1078 usus.

349 1134 456 1194 cetera
478 1126 519 1190 de
542 1145 661 1209 genere
683 1127 743 1191 hoc
766 1127 849 1192 inter
872 1148 952 1209 quac
976 1149 1109 1211 cumque
1131 1134 1318 1214 pretantur,

349 1243 456 1307 omnia
478 1261 630 1326 perversa
653 1248 861 1325 praepostera
883 1249 956 1308 sunt
978 1243 1122 1320 ratione,

349 1358 392 1420 nil
415 1356 488 1421 idco
513 1355 664 1437 quoniam
687 1362 827 1420 natumst
848 1357 880 1421 in
903 1378 1037 1442 corpore
1059 1365 1093 1421 ut
1115 1358 1159 1422 uti

273 1492 323 1538 835
348 1452 536 1555 possemus,
553 1471 609 1534 sed
634 1469 719 1551 quod
741 1477 881 1536 natumst
902 1472 934 1535 id
958 1478 1106 1555 procreat
1126 1493 1238 1536 usura.

347 1605 407 1650 nec
429 1585 487 1648 suit
510 1591 583 1648 ante
605 1583 715 1649 videre
739 1587 898 1650 oculorum
923 1586 1042 1650 lunrina
1065 1593 1194 1662 natum,

349 1719 407 1764 nec
430 1698 522 1762 dictis
546 1718 639 1763 orare
662 1701 750 1784 prius
773 1722 869 1782 quarn
892 1701 1001 1782 lingua
1025 1706 1179 1784 crearat,

348 1813 405 1878 sed
429 1814 535 1897 potius
558 1814 652 1899 longe
675 1815 804 1897 linguae
827 1816 1003 1899 praecessit
1024 1815 1114 1896 origo

349 1949 526 1994 sennonem
540 1981 548 2006 ‚
564 1931 726 2013 multoque
750 1937 877 1994 creatae
901 1935 974 1994 sunt
994 1929 1081 2012 prius
1105 1950 1197 1994 aures

275 2064 326 2110 840
352 2063 446 2125 quarn
471 2063 569 2108 sonus
592 2052 641 2110 est
663 2046 810 2128 auditus,
828 2051 860 2109 et
883 2045 991 2109 omnia
1013 2045 1151 2127 denique
1175 2046 1319 2110 membra

350 2166 424 2223 ante
447 2159 556 2236 luere,
572 2166 606 2223 ut
628 2161 761 2244 opinor,
779 2179 888 2223 corum
912 2180 1007 2240 quam
1030 2159 1111 2224 foret
1133 2180 1230 2225 usus:

349 2274 435 2337 haud
457 2274 552 2354 igitur
575 2280 705 2358 potuere
728 2273 838 2338 utendi
860 2293 1002 2339 creseere
1025 2294 1142 2338 causa.

347 2394 380 2452 at
403 2396 512 2453 contra
534 2388 680 2454 conferre
704 2410 800 2453 manu
822 2389 995 2454 certamina
1017 2408 1145 2473 pugnae

348 2509 380 2567 et
401 2504 544 2568 lacerare
568 2510 656 2568 artus
679 2503 873 2586 foedareque
898 2505 1039 2568 membra
1063 2524 1174 2568 cruore

274 2637 323 2683 eru
348 2625 420 2682 autc
443 2618 500 2682 fuit
522 2619 619 2682 nrultc
644 2638 741 2699 quarn
763 2619 870 2684 lucida
891 2620 957 2683 tela
978 2618 1144 2693 volarent,

348 2739 379 2797 et
401 2733 515 2796 volnus
537 2733 637 2797 vitare
660 2735 746 2816 prius
770 2740 884 2797 natura
907 2734 1010 2816 coegit

348 2867 443 2928 quarn
467 2847 561 2912 daret
584 2847 741 2912 obiectum
764 2847 885 2932 parmai
909 2848 1002 2912 laeva
1025 2866 1082 2930 per
1105 2851 1226 2910 artem.

348 2961 488 3036 scilicet,
505 2966 537 3025 et
558 2962 677 3027 fessum
701 2983 816 3047 corpus
839 2961 994 3026 mandare
1017 2960 1117 3042 quieti

347 3074 444 3137 multo
468 3075 626 3156 antiquius
651 3085 700 3142 est
722 3098 816 3159 quarn
840 3077 912 3140 lecti
934 3075 1046 3140 rnollia
1068 3080 1188 3156 strala,

272 3208 334 3268 850,
349 3195 379 3253 et
401 3187 514 3252 sedare
536 3189 618 3254 sitim
641 3191 730 3275 prius
752 3197 800 3255 cst
823 3211 919 3273 quam
941 3189 1057 3274 poeula
1081 3195 1211 3254 naturn.

347 3302 429 3367 haec
451 3303 548 3384 igitur
568 3312 705 3387 possunt
726 3305 836 3369 utendi
859 3306 987 3389 cognita
1010 3325 1108 3369 causa

342 3414 492 3500 ,credier‚
509 3438 548 3482 ex
572 3439 630 3484 usu
655 3439 736 3500 quae
759 3425 832 3484 sunt
854 3421 982 3502 vitaque
1006 3423 1153 3504 reperta.

346 3531 403 3594 illa
426 3531 553 3612 quidem
575 3553 717 3598 seorsurn
740 3541 813 3597 sunt
834 3534 961 3616 omnia,
979 3552 1060 3614 quae
1082 3531 1171 3615 prius
1193 3530 1265 3614 ipsa

346 3651 424 3709 nata
446 3645 564 3712 dedere
588 3667 666 3712 suae
689 3653 763 3732 post
784 3648 927 3713 notitiam
951 3645 1114 3710 utilitatis.

271 3783 321 3829 suu
348 3782 409 3844 quc
434 3781 552 3842 genere
574 3762 607 3825 in
629 3762 741 3846 primis
764 3781 878 3826 sensus
901 3767 933 3826 ct
954 3759 1097 3824 membra
1119 3759 1284 3838 videmus;

348 3897 447 3958 quare
470 3877 565 3940 etiarn
589 3882 687 3956 atque
710 3875 805 3939 etiam
829 3873 939 3956 procul
964 3881 1066 3938 estut
1090 3873 1219 3939 credere
1242 3873 1347 3957 possis

349 3991 496 4055 utilitatis
519 3991 559 4054 cb
584 3988 723 4052 cilicium
745 3987 888 4070 potuisse
911 3987 1013 4052 creari
1027 3987 1054 4074 .]

351 4265 401 4311 829
420 4261 533 4310 Bacchis.
555 4257 568 4327 ΙΙ
587 4262 638 4309 830
658 4261 848 4310 cremiorum.
869 4259 883 4330 Η
903 4266 953 4312 836
972 4272 1049 4312 nete.
1071 4259 1083 4329 ll
1104 4263 1154 4310 843
1174 4275 1290 4310 conserte
1311 4259 1323 4330 Η
1345 4265 1393 4310 847
1413 4279 1471 4326 par·

350 4355 403 4397 mat
424 4345 436 4412 ΙΙ
458 4349 508 4395 856
527 4346 603 4408 pocul
