3240 5010
673 383 718 449 Vl

110 557 144 622 id
168 557 255 622 licet
283 556 356 622 hinc
379 557 474 622 otiam
497 575 714 640 cognoscere.
732 558 867 624 caedere
890 557 915 622 si
940 578 1036 640 quem

110 671 259 756 ancipiti
285 670 398 736 videas
420 670 506 738 ferro
529 672 640 757 procul
662 672 786 737 arboris
808 677 956 748 auctum,

109 793 190 851 ante
215 785 257 850 fit
281 794 317 851 ut
340 807 454 854 cernas
477 788 574 853 ictum
597 807 693 870 quam
715 787 816 872 plaga
838 807 895 872 per
917 789 1003 854 auris

45 922 86 968 uo
111 902 171 966 det
195 901 367 966 sonitum:
384 902 429 967 sic
452 903 611 988 fulgorem
635 923 763 985 quoque
787 903 945 968 cernimus
968 910 1044 968 ante

112 1037 218 1099 quam
245 1016 400 1080 tonitrum
424 1017 617 1102 accipimus,
634 1017 753 1102 pariter
775 1017 829 1100 qui
852 1016 982 1082 mittitur
1004 1019 1069 1102 igni

110 1151 130 1198 e
155 1131 267 1198 simili
290 1151 408 1207 causa,
424 1141 578 1198 concursd
601 1141 696 1197 natus
720 1133 853 1198 eodem.

153 1247 233 1312 Hoc
260 1245 355 1310 etiarn
379 1253 471 1328 pacto
494 1247 615 1312 volucri
638 1247 710 1314 loca
731 1248 851 1312 lumine
874 1249 1000 1332 tingunt

111 1363 225 1426 nubes
252 1366 285 1424 ct
306 1361 441 1425 tremulo
463 1365 637 1446 tempestas
660 1361 778 1445 impote
801 1362 916 1444 fulgit.

17 1513 19 1580 Ι
46 1497 88 1543 irs
114 1483 241 1542 ventus
267 1475 321 1540 ubi
344 1475 459 1540 invasit
480 1477 596 1540 nubem
620 1480 653 1540 et
674 1484 820 1542 versatus
841 1477 961 1544 ibidem

112 1591 196 1658 fecit
222 1595 357 1656 utente
380 1609 490 1654 cavam
513 1589 608 1654 docui
631 1590 826 1674 spissescere
849 1593 986 1668 nubem,

114 1706 304 1772 mobilitate
326 1724 385 1770 sua
406 1704 572 1787 fervescit;
589 1709 623 1767 ut
646 1705 753 1769 omnia
775 1710 862 1771 motu

112 1818 343 1904 percalefacta
364 1818 455 1886 vides
477 1818 665 1904 ardescere,
682 1819 834 1902 plumbea
857 1840 932 1885 vero

114 1936 214 2019 glans
240 1934 338 1999 etiam
361 1935 458 2018 longo
482 1954 576 2000 cursu
598 1934 760 2000 volvenda
782 1935 931 2000 calescit.

50 2067 91 2114 rao
115 2069 198 2134 ergo
224 2047 370 2113 fervidus
392 2047 444 2112 hic
466 2051 582 2114 nubem
606 2070 676 2114 cum
699 2050 852 2134 perscidit
874 2055 995 2134 atram,

116 2163 265 2248 dissipat
287 2162 411 2228 ardoris
434 2165 526 2245 quasi
547 2185 605 2248 per
626 2166 689 2229 vim
714 2185 868 2248 expressa
890 2170 1021 2248 repente

116 2280 271 2354 semina,
289 2296 372 2358 quae
395 2275 515 2341 saciuut
536 2278 689 2342 nictantia
711 2277 842 2359 fulgura
864 2279 1033 2345 flammae:

117 2392 199 2458 inde
225 2411 327 2457 sonus
350 2391 512 2473 sequitur,
530 2393 584 2473 qui
606 2391 729 2457 tardius
752 2392 861 2458 adlicit
883 2395 970 2458 auris

116 2527 219 2588 quam
246 2523 329 2587 quae
351 2504 542 2588 perveniunt
564 2507 729 2571 oculorum
752 2507 796 2572 ad
818 2507 939 2571 lumina
961 2516 1090 2573 nostra.

52 2636 95 2686 ras
120 2621 271 2703 scilicet,
288 2620 350 2685 hoc
372 2620 482 2685 densis
504 2620 539 2683 fit
559 2621 697 2686 nubibus
721 2625 752 2686 et
774 2621 868 2686 simul
889 2622 953 2686 alte

119 2734 277 2801 extructis
300 2734 372 2798 aliis
395 2734 476 2798 elias
500 2753 596 2818 super
618 2734 736 2820 impete
758 2735 858 2798 miro.

54 2865 96 2912 rec
121 2849 359 2932 contemplator
381 2837 485 2931 euim,
502 2869 574 2913 cum
596 2849 755 2913 montibus
779 2848 974 2914 adsimulata
1077 2930 1090 2944 ..

106 2965 240 3028 *nubila
261 2964 433 3045 portabunt
454 2965 539 3028 venti
562 2969 747 3030 transversa
769 2983 827 3048 per
849 2983 965 3041 auras,

121 3083 177 3140 ant
200 3076 258 3141 uhi
280 3096 336 3158 per
358 3098 495 3160 magnos
516 3080 632 3142 montis
655 3078 815 3144 cumulata
837 3078 961 3144 videbis

121 3189 258 3276 insuper
281 3210 352 3256 csse
375 3193 446 3258 aliis
469 3193 535 3257 alie
557 3201 652 3276 atquc
675 3211 812 3274 urguere
835 3212 974 3276 superne

121 3304 157 3368 in
180 3304 320 3370 statione
342 3306 449 3370 locata
472 3308 605 3388 sepultis
628 3308 769 3388 undique
792 3306 915 3386 ventis;

55 3431 97 3478 rur
123 3439 165 3483 ne
187 3420 246 3483 tibi
269 3421 311 3483 sit
332 3419 417 3482 frudi
441 3419 526 3500 quod
549 3439 608 3484 uos
630 3419 756 3484 inferne
778 3419 924 3483 videmus

124 3551 222 3613 quarn
244 3535 307 3598 siut
328 3535 394 3598 lata
416 3532 521 3612 magis
544 3551 640 3614 quam
663 3551 788 3596 sursum
811 3540 955 3596 extructa
977 3533 1054 3614 quid
1077 3541 1204 3600 extent.

56 3657 101 3706 rar
124 3650 189 3710 tum
213 3648 332 3731 poteris
356 3666 491 3728 magnas
515 3647 615 3710 moles
638 3665 832 3730 cognoscere
855 3665 964 3708 eorum

125 3762 361 3842 speluncasque
384 3763 434 3826 vel
456 3766 491 3825 ut
513 3761 601 3826 saxis
623 3758 826 3843 pendentibu'
850 3765 984 3824 structas

127 3891 280 3958 cernere,
298 3893 378 3956 quas
399 3876 485 3940 venti
509 3895 580 3939 cum
602 3878 793 3958 tempestate
816 3877 926 3938 coorta

126 4057 328 4066 ———--—.

132 4175 181 4223 198
196 4175 410 4240 ngipitivideat
429 4171 442 4242 ss
465 4178 514 4224 170
533 4175 659 4238 fulgurem
680 4173 693 4244 ll
716 4177 764 4224 178
784 4176 900 4226 adescere
921 4171 933 4242 ll
957 4178 1004 4224 179
1019 4173 1141 4236 quiescit.
1163 4171 1176 4241 Η
1199 4177 1247 4223 180

130 4260 301 4330 perscindat!
329 4267 377 4313 189
396 4262 485 4312 adlicit
508 4260 521 4328 ΙΙ
550 4265 597 4312 185
618 4263 680 4311 ulti.
702 4259 714 4330 Η
737 4265 783 4311 191
805 4263 890 4314 culata
916 4259 1248 4331 lll92s11perua.11193

131 4349 229 4399 satione
249 4346 263 4417 Η
285 4352 334 4398 188
353 4351 386 4399 sit
409 4347 423 4417 ll
448 4349 556 4400 extricta

985 4443 1049 4513 14*
