3236 5020
449 1289 497 1371 T.
528 1286 820 1372 LUORETI
851 1287 1009 1372 CARI

272 1526 389 1622 DE
435 1523 757 1634 RERUM
801 1523 1178 1628 NATURA

530 1771 673 1836 LIBER
699 1773 922 1837 TERTIUS.

162 2243 201 2350 Ε
223 2291 367 2355 tenebris
388 2291 486 2356 tantis
509 2288 575 2355 tam
598 2291 719 2354 clarum
743 2292 896 2357 extollere
920 2293 1029 2356 lumen

163 2405 216 2485 qui
239 2404 361 2489 primus
383 2405 514 2488 potuisti
536 2406 709 2469 inlustrans
732 2406 901 2471 commoda
922 2407 1031 2487 vitae,

163 2526 193 2585 te
215 2538 387 2600 sequor,o
410 2519 530 2584 Graiae
552 2519 657 2601 gentis
680 2518 797 2594 decus,
814 2525 911 2601 inque
933 2521 995 2584 tuis
1018 2539 1101 2583 nune

163 2633 237 2696 ficta
259 2632 377 2717 pedum
400 2654 485 2717 pono
507 2635 629 2718 pressis
650 2633 788 2714 vestigia
809 2634 930 2717 signis,

123 2767 139 2812 5
162 2767 228 2810 non
250 2746 296 2810 ita
319 2747 459 2812 certandi
483 2749 618 2832 cupidus
641 2769 738 2830 quam
760 2755 891 2832 propter
915 2768 1057 2812 amorem

164 2859 250 2940 quod
272 2867 303 2926 te
325 2862 442 2926 imitari
465 2855 566 2928 aveo':
585 2863 661 2945 quid
684 2862 766 2927 enim
792 2862 965 2926 contendat
987 2862 1124 2927 hirundo

165 2974 291 3057 ayonis,
308 2981 364 3039 aut
386 2975 462 3057 quid
485 2997 560 3040 nam
582 2978 725 3041 tremulis
748 2976 858 3042 facere
881 2978 1013 3041 artubus
1041 2977 1134 3040 haedi

165 3089 330 3154 consimile
352 3089 385 3153 in
408 3111 503 3154 cursu
524 3091 649 3173 possint
671 3097 702 3156 et
724 3091 816 3156 fortis
840 3093 913 3173 equi
936 3093 1012 3158 vis‘?

164 3207 217 3278 tu,
233 3209 343 3285 pater,
361 3223 394 3268 es
417 3224 521 3270 rerum
544 3205 709 3288 inventor,
725 3212 759 3269 tu
782 3207 888 3290 patria
910 3206 1003 3271 nobis

107 3336 139 3383 10
165 3316 351 3399 suppeditas
373 3325 566 3402 praecepta,
582 3320 709 3400 tuisque
732 3340 791 3396 ex,
807 3321 945 3402 inclute,
962 3319 1099 3400 chartis,

164 3431 312 3496 floriferis
334 3441 368 3496 nt
390 3454 470 3517 apes
492 3434 524 3497 in
548 3433 680 3498 saltibus
703 3435 811 3498 omnia
832 3435 954 3510 libant,

166 3545 272 3610 omnia
294 3566 353 3610 nos
375 3546 484 3612 itidem
508 3549 709 3632 depascimur
730 3568 829 3612 aurea
850 3548 960 3631 dicta,

166 3679 284 3737 aurea,
300 3666 455 3743 perpetua
478 3681 605 3745 semper
627 3662 815 3743 dignissima
836 3663 924 3726 vita.

165 3794 239 3838 nam
263 3771 357 3837 simul
380 3793 418 3838 ac
440 3774 521 3838 ratio
544 3783 598 3839 tua
621 3776 728 3861 coepit
749 3776 919 3841 vociferari

109 3907 141 3953 15
165 3893 314 3952 naturam
336 3907 462 3966 rerum,
480 3889 587 3953 divina
608 3897 714 3956 mente
738 3896 865 3975 coorta,

166 4000 338 4084 diffugiunt
359 4001 456 4067 animi
477 4006 635 4088 terrores,
650 4007 779 4071 moenia
799 4005 909 4074 mundi

165 4114 352 4202 discedunt,
369 4124 469 4183 totum
490 4116 583 4183 video
606 4138 664 4200 per
686 4119 781 4183 inane
804 4120 872 4200 geri
895 4138 965 4184 res.

165 4269 367 4283 —·—————

172 4360 184 4406 1
205 4356 228 4406 Ο
249 4353 262 4428 ΙΙ
284 4363 296 4408 7
318 4360 421 4424 Cycniis
441 4357 455 4430 ΙΙ
477 4365 506 4410 11
527 4360 633 4410 limant.
653 4355 667 4428 Η
689 4362 719 4409 15
739 4369 868 4410 coortam.
