3240 5010
356 362 419 426 208
896 357 941 420 VI

356 527 518 610 susoipere
539 525 622 592 haee
644 527 741 591 animi
764 526 939 610 tranquilla
960 547 1042 612 pane
1067 527 1211 594 valebis.

356 642 431 707 inde
453 640 562 712 videre
584 641 658 706 lieet
681 640 785 722 qualis
807 638 871 704 iarn
894 642 961 708 vita
984 648 1157 725 sequatur.

299 779 332 826 80
357 777 452 839 quarn
476 756 604 838 quidem
627 762 661 820 nt
683 775 704 820 a
724 754 819 820 nobis
841 757 923 821 ratio
945 757 1114 824 verissima
1136 758 1232 842 longe

355 871 485 954 reiciat,
504 890 695 952 quamquam
718 878 792 936 sunt
814 893 834 936 a
855 891 906 937 me
929 872 1029 938 multa
1050 871 1215 957 profecta,

357 986 456 1050 multa
478 990 584 1050 tamen
606 991 727 1052 restant
750 993 781 1050 et
803 993 876 1052 sont
898 987 1044 1052 ornanda
1066 988 1173 1071 politis

357 1101 522 1166 versibus:
541 1106 589 1166 est
611 1100 692 1167 ratio
716 1099 861 1185 fulgendi
883 1102 995 1184 visque
1017 1103 1171 1186 touandi,

357 1222 429 1281 sunt
453 1221 658 1299 tempestates
682 1223 713 1280 et
736 1214 870 1282 fulmina
890 1218 979 1282 olara
1001 1216 1168 1294 canenda,

300 1352 332 1400 85
360 1331 459 1419 [quid
482 1331 602 1397 laoiaut
624 1338 655 1396 et
677 1351 741 1414 qua
764 1331 803 1398 de
828 1353 925 1398 eausa
948 1352 1083 1415 eumque
1105 1332 1271 1414 ferentum

358 1468 396 1510 00
419 1446 560 1530 trepides
582 1448 667 1514 eaeli
689 1446 800 1513 divisis
823 1447 966 1532 partibus
989 1467 1121 1532 amens,

356 1561 440 1626 unde
463 1561 577 1627 volans
600 1562 683 1646 ignis
707 1564 888 1647 pervenerit
910 1563 1017 1627 autin
1041 1569 1145 1628 utram
1168 1584 1203 1630 00

357 1676 488 1741 verterit
511 1675 582 1741 hine
605 1676 741 1762 partim,
759 1699 821 1759 quo
844 1685 945 1763 paeto
962 1697 1018 1762 per
1041 1679 1112 1744 loea
1134 1685 1226 1762 septa

356 1791 543 1869 insinuarit,
558 1800 591 1857 et
612 1793 685 1857 hino
708 1793 889 1860 dominatus
912 1800 947 1857 ut
969 1794 1116 1858 extulerit
1139 1793 1216 1882 se.]

299 1926 332 1972 00
358 1927 490 1989 qnorum
514 1927 645 1990 operum
669 1928 784 1974 causas
807 1908 896 1972 nulla
919 1909 1042 1975 ratione
1065 1908 1173 1974 videre

358 2026 491 2103 possunt
514 2041 553 2086 ao
575 2021 643 2088 fieri
667 2023 774 2086 divino
798 2023 1079 2090 nominarentur.

356 2141 389 2197 tu
413 2136 488 2199 mihi
513 2157 680 2220 supremae
703 2136 901 2220 praeseribta
924 2136 967 2202 ad
990 2138 1129 2204 eandida
1152 2138 1249 2204 oalois

356 2253 492 2315 currenti
516 2253 655 2336 spatium
677 2258 917 2336 praemonstra,
936 2253 1054 2318 callida
1076 2273 1168 2319 musa

357 2365 522 2449 Calliope,
541 2367 667 2449 requies
690 2366 852 2432 hominum
876 2368 1048 2450 divomque
1070 2369 1239 2453 voluptas,

299 2499 331 2546 00
356 2485 387 2544 10
410 2479 490 2547 duee
513 2487 547 2546 ot
569 2483 687 2564 insigni
710 2483 836 2567 capiam
860 2503 930 2548 oum
953 2483 1048 2548 lande
1071 2504 1242 2550 eoronam.

395 2595 555 2679 Principio
578 2597 696 2661 tonitru
720 2599 901 2680 quatiuntur
925 2598 1054 2664 caerula
1078 2599 1167 2664 eaeli

355 2718 528 2795 propterea
552 2711 627 2793 quia
651 2719 840 2776 eonourrunt
862 2712 997 2778 sublime
1019 2714 1167 2778 volantes

355 2823 517 2890 aetheriae
541 2826 641 2890 nubes
665 2833 775 2891 eontra
798 2827 1003 2910 pugnantibu’
1027 2828 1151 2892 ventis.

357 2959 415 3002 000
437 2940 471 3002 fit
493 2941 578 3004 enim
601 2941 723 3005 sonitus
746 2942 826 3006 eaeli
849 2941 889 3007 de
911 2949 1003 3027 parte
1027 2962 1160 3027 serena,

283 3073 331 3118 100
357 3074 463 3117 verum
488 3055 541 3117 ubi
565 3074 699 3136 numque
724 3055 825 3139 magis
849 3056 949 3122 denso
973 3062 1047 3120 sunt
1069 3058 1197 3138 agmine
1221 3059 1342 3143 nubes,

356 3173 422 3231 tam
444 3168 546 3251 magis
569 3137 647 3234 hine
664 3189 782 3254 magno
805 3170 947 3236 fremitus
970 3170 1004 3234 fit
1027 3191 1184 3236 murmure
1207 3192 1327 3256 saepe.

356 3290 523 3365 praeterea
545 3302 649 3374 neque
670 3289 737 3348 tarn
760 3283 923 3349 condenso
947 3306 1079 3368 corpore
1103 3287 1204 3352 nubes

358 3418 429 3463 esse
453 3405 570 3480 queunt
593 3419 687 3481 quam
711 3405 783 3463 sunt
806 3399 932 3482 lapides
955 3421 993 3464 ae
1016 3402 1125 3486 tigna,
1142 3422 1247 3484 neque
1270 3408 1378 3468 autern

356 3521 421 3578 tarn
443 3520 555 3578 tenues
580 3533 674 3594 quam
698 3519 772 3578 sunt
794 3515 932 3580 nebulae
958 3515 1097 3598 fumique
1119 3516 1285 3582 volantes:

284 3650 333 3696 roo
358 3614 433 3693 nam
459 3629 574 3694 eadere
598 3630 640 3693 ab
663 3628 755 3694 bruto
778 3630 931 3695 deberent
952 3631 1094 3715 pondere
1118 3651 1249 3715 pressae

356 3749 390 3807 ut
411 3743 557 3827 lapides,
573 3747 628 3807 aut
650 3749 684 3807 ut
707 3741 813 3809 fumus
837 3752 984 3811 constare
1007 3745 1174 3827 nequirent

357 3876 416 3922 nee
438 3858 586 3922 eohibere
609 3858 700 3922 nives
724 3857 850 3938 gelidas
873 3865 905 3922 et
926 3860 1094 3942 grandinis
1117 3859 1247 3926 imbris.

361 4162 394 4209 83
414 4168 439 4209 ot
455 4159 520 4208 ratio
540 4159 666 4222 coelisque
685 4161 810 4209 tenenda.
835 4157 848 4227 ΙΙ
874 4161 907 4210 84
925 4161 1031 4212 flumine
1055 4161 1068 4230 ΙΙ
1095 4167 1128 4214 86
1148 4165 1258 4228 trepidas
1278 4161 1292 4232 11
1312 4167 1344 4214 81
1364 4181 1483 4230 pervene-

359 4257 397 4296 ret
423 4249 435 4314 ΙΙ
463 4249 492 4296 91
514 4248 558 4296 fier
582 4246 595 4314 ll
622 4250 654 4296 92
674 4248 822 4310 prescribita
841 4264 870 4297 00
895 4245 908 4316 Η
932 4249 1021 4298 001110.
1047 4247 1060 4318 Η
1085 4254 1117 4301 95
1137 4252 1206 4301 10001
1232 4249 1245 4320 Η
1273 4255 1321 4302 102
1341 4254 1443 4304 Pretere
1468 4252 1481 4322 Η

361 4349 439 4383 nure.
459 4327 473 4399 Η
496 4337 545 4384 103
564 4335 666 4399 pepides
685 4351 715 4385 ao
734 4336 806 4399 ligna
826 4336 839 4404 ΙῙ
862 4339 910 4386 105
930 4337 970 4385 avi
