<?xml version="1.0" encoding="UTF-8"?>
<!DOCTYPE html PUBLIC "-//W3C//DTD XHTML 1.0 Transitional//EN"
    "http://www.w3.org/TR/xhtml1/DTD/xhtml1-transitional.dtd">
<html xmlns="http://www.w3.org/1999/xhtml" xml:lang="en" lang="en">
 <head>
  <title>
</title>
<meta http-equiv="Content-Type" content="text/html;charset=utf-8" />
  <meta name='ocr-system' content='tesseract 3.04.00' />
  <meta name='ocr-capabilities' content='ocr_page ocr_carea ocr_par ocr_line ocrx_word'/>
</head>
<body>
  <div class='ocr_page' id='page_1' title='image "./tlucreticarider19carugoog_0152.png"; bbox 0 0 3266 4994; ppageno 0'>
   <div class='ocr_carea' id='block_1_1' title="bbox 678 367 736 430">
    <p class='ocr_par' dir='ltr' id='par_1_1' title="bbox 678 367 736 430">
     <span class='ocr_line' id='line_1_1' title="bbox 678 367 736 430; baseline 0 0"><span class='ocrx_word' id='word_1_1' title='bbox 678 367 736 430; x_wconf 85' lang='lat'>1111</span> 
     </span>
    </p>
   </div>
   <div class='ocr_carea' id='block_1_2' title="bbox 60 537 1229 4096">
    <p class='ocr_par' dir='ltr' id='par_1_2' title="bbox 60 537 1229 4096">
     <span class='ocr_line' id='line_1_2' title="bbox 138 537 1131 622; baseline 0.008 -22"><span class='ocrx_word' id='word_1_2' title='bbox 138 557 275 620; x_wconf 91' lang='lat' dir='ltr'><strong>namque</strong></span> <span class='ocrx_word' id='word_1_3' title='bbox 300 557 412 603; x_wconf 88' lang='lat' dir='ltr'><strong>omues</strong></span> <span class='ocrx_word' id='word_1_4' title='bbox 434 537 621 622; x_wconf 87' lang='lat' dir='ltr'><strong>plerumque</strong></span> <span class='ocrx_word' id='word_1_5' title='bbox 645 538 761 602; x_wconf 88' lang='lat' dir='ltr'><strong>cadunt</strong></span> <span class='ocrx_word' id='word_1_6' title='bbox 782 538 816 602; x_wconf 92' lang='lat' dir='ltr'><strong>in</strong></span> <span class='ocrx_word' id='word_1_7' title='bbox 839 539 974 617; x_wconf 83' lang='grc'><strong>001000,</strong></span> <span class='ocrx_word' id='word_1_8' title='bbox 992 549 1022 606; x_wconf 91' lang='grc'><strong>00</strong></span> <span class='ocrx_word' id='word_1_9' title='bbox 1043 543 1131 608; x_wconf 90' lang='lat' dir='ltr'><strong>illam</strong></span> 
     </span>
     <span class='ocr_line' id='line_1_3' title="bbox 69 652 971 738; baseline 0.001 -21"><span class='ocrx_word' id='word_1_10' title='bbox 69 672 121 719; x_wconf 82' lang='grc'><strong>0000</strong></span> <span class='ocrx_word' id='word_1_11' title='bbox 137 652 250 718; x_wconf 86' lang='lat' dir='ltr'><strong>emieat</strong></span> <span class='ocrx_word' id='word_1_12' title='bbox 273 653 309 716; x_wconf 93' lang='lat' dir='ltr'><strong>in</strong></span> <span class='ocrx_word' id='word_1_13' title='bbox 330 658 454 738; x_wconf 87' lang='lat' dir='ltr'><strong>partem</strong></span> <span class='ocrx_word' id='word_1_14' title='bbox 478 652 629 737; x_wconf 88' lang='lat' dir='ltr'><strong>sanguis,</strong></span> <span class='ocrx_word' id='word_1_15' title='bbox 646 653 731 717; x_wconf 91' lang='lat' dir='ltr'><strong>unde</strong></span> <span class='ocrx_word' id='word_1_16' title='bbox 754 654 865 718; x_wconf 88' lang='lat' dir='ltr'><strong>icimur</strong></span> <span class='ocrx_word' id='word_1_17' title='bbox 888 655 971 732; x_wconf 84' lang='lat' dir='ltr'><strong>ictu,</strong></span> 
     </span>
     <span class='ocr_line' id='line_1_4' title="bbox 136 767 1060 852; baseline 0.008 -24"><span class='ocrx_word' id='word_1_18' title='bbox 136 773 165 829; x_wconf 89' lang='lat' dir='ltr'><strong>et</strong></span> <span class='ocrx_word' id='word_1_19' title='bbox 187 767 215 832; x_wconf 93' lang='lat' dir='ltr'><strong>si</strong></span> <span class='ocrx_word' id='word_1_20' title='bbox 238 768 420 832; x_wconf 86' lang='lat' dir='ltr'><strong>comminus</strong></span> <span class='ocrx_word' id='word_1_21' title='bbox 443 773 512 844; x_wconf 85' lang='lat' dir='ltr'><strong>cst,</strong></span> <span class='ocrx_word' id='word_1_22' title='bbox 530 768 652 832; x_wconf 79' lang='lat' dir='ltr'><strong>hostem</strong></span> <span class='ocrx_word' id='word_1_23' title='bbox 674 767 770 832; x_wconf 89' lang='lat' dir='ltr'><strong>ruber</strong></span> <span class='ocrx_word' id='word_1_24' title='bbox 793 775 926 852; x_wconf 88' lang='lat' dir='ltr'><strong>occupat</strong></span> <span class='ocrx_word' id='word_1_25' title='bbox 949 791 1060 836; x_wconf 86' lang='lat' dir='ltr'><strong>umor.</strong></span> 
     </span>
     <span class='ocr_line' id='line_1_5' title="bbox 134 881 898 968; baseline 0.003 -22"><span class='ocrx_word' id='word_1_26' title='bbox 134 881 179 946; x_wconf 89' lang='lat' dir='ltr'><strong>sie</strong></span> <span class='ocrx_word' id='word_1_27' title='bbox 203 882 308 963; x_wconf 90' lang='lat' dir='ltr'><strong>igitur</strong></span> <span class='ocrx_word' id='word_1_28' title='bbox 329 881 464 948; x_wconf 87' lang='lat' dir='ltr'><strong>Veneris</strong></span> <span class='ocrx_word' id='word_1_29' title='bbox 488 883 541 964; x_wconf 91' lang='lat' dir='ltr'><strong>qui</strong></span> <span class='ocrx_word' id='word_1_30' title='bbox 564 881 636 947; x_wconf 87' lang='lat' dir='ltr'><strong>telis</strong></span> <span class='ocrx_word' id='word_1_31' title='bbox 659 882 898 968; x_wconf 73' lang='lat' dir='ltr'><strong>acciperetur,</strong></span> 
     </span>
     <span class='ocr_line' id='line_1_6' title="bbox 136 995 999 1079; baseline 0.005 -19"><span class='ocrx_word' id='word_1_32' title='bbox 136 995 201 1060; x_wconf 87' lang='lat' dir='ltr'><strong>sive</strong></span> <span class='ocrx_word' id='word_1_33' title='bbox 225 1016 309 1079; x_wconf 87' lang='lat' dir='ltr'><strong>puer</strong></span> <span class='ocrx_word' id='word_1_34' title='bbox 331 997 482 1062; x_wconf 87' lang='lat' dir='ltr'><strong>membris</strong></span> <span class='ocrx_word' id='word_1_35' title='bbox 504 996 714 1064; x_wconf 83' lang='lat' dir='ltr'>muliebribus</span> <span class='ocrx_word' id='word_1_36' title='bbox 737 996 821 1061; x_wconf 90' lang='lat' dir='ltr'><strong>hune</strong></span> <span class='ocrx_word' id='word_1_37' title='bbox 842 998 999 1064; x_wconf 90' lang='lat' dir='ltr'><strong>iaculatur</strong></span> 
     </span>
     <span class='ocr_line' id='line_1_7' title="bbox 133 1111 944 1198; baseline 0.004 -24"><span class='ocrx_word' id='word_1_38' title='bbox 133 1129 187 1174; x_wconf 88' lang='lat' dir='ltr'><strong>seu</strong></span> <span class='ocrx_word' id='word_1_39' title='bbox 210 1111 329 1175; x_wconf 89' lang='lat' dir='ltr'><strong>mulier</strong></span> <span class='ocrx_word' id='word_1_40' title='bbox 350 1118 416 1175; x_wconf 89' lang='grc'><strong>0000</strong></span> <span class='ocrx_word' id='word_1_41' title='bbox 440 1112 563 1177; x_wconf 90' lang='lat' dir='ltr'><strong>iactans</strong></span> <span class='ocrx_word' id='word_1_42' title='bbox 586 1131 604 1177; x_wconf 97' lang='grc'><strong>0</strong></span> <span class='ocrx_word' id='word_1_43' title='bbox 626 1131 759 1194; x_wconf 83' lang='lat' dir='ltr'><strong>corpure</strong></span> <span class='ocrx_word' id='word_1_44' title='bbox 783 1133 944 1198; x_wconf 87' lang='lat' dir='ltr'><strong>amorem,</strong></span> 
     </span>
     <span class='ocr_line' id='line_1_8' title="bbox 62 1224 862 1310; baseline 0.005 -24"><span class='ocrx_word' id='word_1_45' title='bbox 62 1243 117 1289; x_wconf 79' lang='lat'>1000</span> <span class='ocrx_word' id='word_1_46' title='bbox 133 1224 220 1289; x_wconf 90' lang='lat' dir='ltr'><strong>unde</strong></span> <span class='ocrx_word' id='word_1_47' title='bbox 244 1224 377 1301; x_wconf 84' lang='lat' dir='ltr'><strong>feritur,</strong></span> <span class='ocrx_word' id='word_1_48' title='bbox 395 1244 433 1289; x_wconf 91' lang='lat' dir='ltr'><strong>eo</strong></span> <span class='ocrx_word' id='word_1_49' title='bbox 456 1226 578 1310; x_wconf 86' lang='lat' dir='ltr'><strong>tendit,</strong></span> <span class='ocrx_word' id='word_1_50' title='bbox 595 1227 753 1308; x_wconf 82' lang='lat' dir='ltr'><strong>gestitque</strong></span> <span class='ocrx_word' id='word_1_51' title='bbox 777 1226 862 1291; x_wconf 88' lang='lat' dir='ltr'><strong>coire</strong></span> 
     </span>
     <span class='ocr_line' id='line_1_9' title="bbox 134 1339 1047 1426; baseline 0.005 -24"><span class='ocrx_word' id='word_1_52' title='bbox 134 1345 164 1402; x_wconf 91' lang='grc'><strong>00</strong></span> <span class='ocrx_word' id='word_1_53' title='bbox 185 1339 297 1405; x_wconf 88' lang='lat' dir='ltr'><strong>iacere</strong></span> <span class='ocrx_word' id='word_1_54' title='bbox 319 1359 461 1406; x_wconf 89' lang='lat' dir='ltr'><strong>umorem</strong></span> <span class='ocrx_word' id='word_1_55' title='bbox 485 1340 517 1403; x_wconf 92' lang='lat' dir='ltr'><strong>in</strong></span> <span class='ocrx_word' id='word_1_56' title='bbox 541 1360 655 1423; x_wconf 83' lang='lat' dir='ltr'><strong>cerpus</strong></span> <span class='ocrx_word' id='word_1_57' title='bbox 678 1341 719 1406; x_wconf 90' lang='lat' dir='ltr'><strong>de</strong></span> <span class='ocrx_word' id='word_1_58' title='bbox 742 1361 875 1426; x_wconf 85' lang='lat' dir='ltr'><strong>corpure</strong></span> <span class='ocrx_word' id='word_1_59' title='bbox 898 1342 1047 1407; x_wconf 90' lang='lat' dir='ltr'><strong>ductum:</strong></span> 
     </span>
     <span class='ocr_line' id='line_1_10' title="bbox 131 1453 956 1540; baseline 0.002 -24"><span class='ocrx_word' id='word_1_60' title='bbox 131 1473 274 1534; x_wconf 91' lang='lat' dir='ltr'><strong>namque</strong></span> <span class='ocrx_word' id='word_1_61' title='bbox 297 1453 495 1537; x_wconf 87' lang='lat' dir='ltr'><strong>voluptatem</strong></span> <span class='ocrx_word' id='word_1_62' title='bbox 518 1455 685 1538; x_wconf 83' lang='lat' dir='ltr'><strong>praesagit</strong></span> <span class='ocrx_word' id='word_1_63' title='bbox 707 1462 796 1520; x_wconf 89' lang='lat' dir='ltr'><strong>muta</strong></span> <span class='ocrx_word' id='word_1_64' title='bbox 819 1455 956 1540; x_wconf 87' lang='lat' dir='ltr'><strong>cupido.</strong></span> 
     </span>
     <span class='ocr_line' id='line_1_11' title="bbox 171 1569 1229 1652; baseline 0.008 -22"><span class='ocrx_word' id='word_1_65' title='bbox 171 1569 263 1632; x_wconf 89' lang='lat' dir='ltr'><strong>Haec</strong></span> <span class='ocrx_word' id='word_1_66' title='bbox 286 1571 393 1635; x_wconf 89' lang='lat' dir='ltr'><strong>Venus</strong></span> <span class='ocrx_word' id='word_1_67' title='bbox 417 1576 464 1634; x_wconf 91' lang='lat' dir='ltr'><strong>est</strong></span> <span class='ocrx_word' id='word_1_68' title='bbox 487 1571 579 1635; x_wconf 86' lang='lat' dir='ltr'><strong>nubis</strong></span> <span class='ocrx_word' id='word_1_69' title='bbox 593 1595 600 1634; x_wconf 92' lang='lat'><strong>:</strong></span> <span class='ocrx_word' id='word_1_70' title='bbox 616 1571 689 1634; x_wconf 91' lang='lat' dir='ltr'><strong>hinc</strong></span> <span class='ocrx_word' id='word_1_71' title='bbox 712 1575 850 1635; x_wconf 81' lang='lat' dir='ltr'><strong>autemst</strong></span> <span class='ocrx_word' id='word_1_72' title='bbox 873 1591 998 1635; x_wconf 84' lang='lat' dir='ltr'>momen</span> <span class='ocrx_word' id='word_1_73' title='bbox 1022 1573 1159 1652; x_wconf 85' lang='lat' dir='ltr'><strong>amoris,</strong></span> <span class='ocrx_word' id='word_1_74' title='bbox 1224 1635 1229 1645; x_wconf 87' lang='grc'><strong>,</strong></span> 
     </span>
     <span class='ocr_line' id='line_1_12' title="bbox 134 1680 993 1767; baseline 0.005 -24"><span class='ocrx_word' id='word_1_75' title='bbox 134 1680 209 1746; x_wconf 89' lang='lat' dir='ltr'><strong>hinc</strong></span> <span class='ocrx_word' id='word_1_76' title='bbox 233 1684 350 1748; x_wconf 92' lang='lat' dir='ltr'><strong>illaec.</strong></span> <span class='ocrx_word' id='word_1_77' title='bbox 366 1684 501 1767; x_wconf 89' lang='lat' dir='ltr'><strong>primum</strong></span> <span class='ocrx_word' id='word_1_78' title='bbox 525 1684 659 1750; x_wconf 90' lang='lat' dir='ltr'><strong>Veneris</strong></span> <span class='ocrx_word' id='word_1_79' title='bbox 681 1684 861 1748; x_wconf 79' lang='lat' dir='ltr'><strong>dulcedinis</strong></span> <span class='ocrx_word' id='word_1_80' title='bbox 882 1685 914 1748; x_wconf 94' lang='lat' dir='ltr'><strong>in</strong></span> <span class='ocrx_word' id='word_1_81' title='bbox 938 1704 993 1749; x_wconf 90' lang='lat' dir='ltr'><strong>cor</strong></span> 
     </span>
     <span class='ocr_line' id='line_1_13' title="bbox 60 1796 882 1881; baseline 0.007 -25"><span class='ocrx_word' id='word_1_82' title='bbox 60 1813 117 1859; x_wconf 81' lang='grc'><strong>0000</strong></span> <span class='ocrx_word' id='word_1_83' title='bbox 134 1796 270 1862; x_wconf 85' lang='lat' dir='ltr'><strong>stillavit</strong></span> <span class='ocrx_word' id='word_1_84' title='bbox 291 1805 402 1880; x_wconf 87' lang='lat' dir='ltr'><strong>gutta,</strong></span> <span class='ocrx_word' id='word_1_85' title='bbox 418 1806 449 1863; x_wconf 90' lang='grc'><strong>00</strong></span> <span class='ocrx_word' id='word_1_86' title='bbox 472 1800 625 1866; x_wconf 84' lang='lat' dir='ltr'><strong>successit</strong></span> <span class='ocrx_word' id='word_1_87' title='bbox 646 1798 763 1881; x_wconf 86' lang='lat' dir='ltr'><strong>frigida</strong></span> <span class='ocrx_word' id='word_1_88' title='bbox 786 1819 882 1864; x_wconf 89' lang='lat' dir='ltr'><strong>cura:</strong></span> 
     </span>
     <span class='ocr_line' id='line_1_14' title="bbox 135 1913 1149 1998; baseline 0.008 -26"><span class='ocrx_word' id='word_1_89' title='bbox 135 1929 210 1974; x_wconf 91' lang='lat' dir='ltr'><strong>nam</strong></span> <span class='ocrx_word' id='word_1_90' title='bbox 234 1913 261 1977; x_wconf 88' lang='lat' dir='ltr'><strong>si</strong></span> <span class='ocrx_word' id='word_1_91' title='bbox 285 1914 376 1979; x_wconf 87' lang='lat' dir='ltr'><strong>abest</strong></span> <span class='ocrx_word' id='word_1_92' title='bbox 398 1914 485 1996; x_wconf 91' lang='lat' dir='ltr'><strong>qucd</strong></span> <span class='ocrx_word' id='word_1_93' title='bbox 507 1933 605 1998; x_wconf 87' lang='lat' dir='ltr'><strong>aves,</strong></span> <span class='ocrx_word' id='word_1_94' title='bbox 622 1920 727 1998; x_wconf 85' lang='lat' dir='ltr'><strong>presto</strong></span> <span class='ocrx_word' id='word_1_95' title='bbox 751 1915 923 1980; x_wconf 87' lang='lat' dir='ltr'><strong>simulacra</strong></span> <span class='ocrx_word' id='word_1_96' title='bbox 944 1920 1051 1982; x_wconf 88' lang='lat' dir='ltr'><strong>tamen</strong></span> <span class='ocrx_word' id='word_1_97' title='bbox 1075 1923 1149 1982; x_wconf 86' lang='lat' dir='ltr'><strong>sunt</strong></span> 
     </span>
     <span class='ocr_line' id='line_1_15' title="bbox 82 2023 931 2118; baseline 0.008 -33"><span class='ocrx_word' id='word_1_98' title='bbox 82 2113 85 2118; x_wconf 25' lang='grc' dir='ltr'>Ι</span> <span class='ocrx_word' id='word_1_99' title='bbox 131 2023 217 2092; x_wconf 87' lang='lat' dir='ltr'><strong>illius</strong></span> <span class='ocrx_word' id='word_1_100' title='bbox 243 2034 276 2091; x_wconf 91' lang='grc'><strong>00</strong></span> <span class='ocrx_word' id='word_1_101' title='bbox 299 2048 414 2093; x_wconf 90' lang='lat' dir='ltr'><strong>nomen</strong></span> <span class='ocrx_word' id='word_1_102' title='bbox 437 2029 529 2094; x_wconf 91' lang='lat' dir='ltr'><strong>dulce</strong></span> <span class='ocrx_word' id='word_1_103' title='bbox 553 2031 740 2094; x_wconf 88' lang='lat' dir='ltr'><strong>obversatur</strong></span> <span class='ocrx_word' id='word_1_104' title='bbox 761 2029 803 2093; x_wconf 91' lang='lat' dir='ltr'><strong>ad</strong></span> <span class='ocrx_word' id='word_1_105' title='bbox 826 2030 931 2095; x_wconf 86' lang='lat' dir='ltr'><strong>auris.</strong></span> 
     </span>
     <span class='ocr_line' id='line_1_16' title="bbox 132 2138 1001 2232; baseline 0.008 -29"><span class='ocrx_word' id='word_1_106' title='bbox 132 2138 189 2204; x_wconf 87' lang='lat' dir='ltr'><strong>sed</strong></span> <span class='ocrx_word' id='word_1_107' title='bbox 211 2141 355 2224; x_wconf 88' lang='lat' dir='ltr'><strong>fugitare</strong></span> <span class='ocrx_word' id='word_1_108' title='bbox 378 2144 470 2210; x_wconf 89' lang='lat' dir='ltr'><strong>decet</strong></span> <span class='ocrx_word' id='word_1_109' title='bbox 492 2144 662 2232; x_wconf 81' lang='lat' dir='ltr'><strong>simulacra</strong></span> <span class='ocrx_word' id='word_1_110' title='bbox 685 2150 716 2209; x_wconf 90' lang='lat' dir='ltr'><strong>et</strong></span> <span class='ocrx_word' id='word_1_111' title='bbox 738 2145 859 2228; x_wconf 88' lang='lat' dir='ltr'><strong>pabula</strong></span> <span class='ocrx_word' id='word_1_112' title='bbox 883 2145 1001 2210; x_wconf 86' lang='lat' dir='ltr'><strong>amoris</strong></span> 
     </span>
     <span class='ocr_line' id='line_1_17' title="bbox 132 2255 976 2341; baseline 0.008 -25"><span class='ocrx_word' id='word_1_113' title='bbox 132 2255 315 2322; x_wconf 83' lang='lat' dir='ltr'><strong>absterrere</strong></span> <span class='ocrx_word' id='word_1_114' title='bbox 339 2259 401 2324; x_wconf 89' lang='lat' dir='ltr'><strong>sibi</strong></span> <span class='ocrx_word' id='word_1_115' title='bbox 423 2267 520 2341; x_wconf 88' lang='lat' dir='ltr'><strong>atque</strong></span> <span class='ocrx_word' id='word_1_116' title='bbox 543 2260 609 2323; x_wconf 91' lang='lat' dir='ltr'><strong>alio</strong></span> <span class='ocrx_word' id='word_1_117' title='bbox 633 2265 817 2325; x_wconf 87' lang='lat' dir='ltr'><strong>convertere</strong></span> <span class='ocrx_word' id='word_1_118' title='bbox 839 2266 976 2325; x_wconf 89' lang='lat' dir='ltr'><strong>mentem</strong></span> 
     </span>
     <span class='ocr_line' id='line_1_18' title="bbox 65 2371 1065 2459; baseline 0.015 -33"><span class='ocrx_word' id='word_1_119' title='bbox 65 2383 119 2431; x_wconf 78' lang='lat'>1005</span> <span class='ocrx_word' id='word_1_120' title='bbox 135 2375 166 2433; x_wconf 90' lang='lat' dir='ltr'><strong>et</strong></span> <span class='ocrx_word' id='word_1_121' title='bbox 188 2371 298 2437; x_wconf 91' lang='lat' dir='ltr'><strong>iacere</strong></span> <span class='ocrx_word' id='word_1_122' title='bbox 319 2393 462 2439; x_wconf 89' lang='lat' dir='ltr'><strong>umorem</strong></span> <span class='ocrx_word' id='word_1_123' title='bbox 485 2374 661 2438; x_wconf 88' lang='lat' dir='ltr'><strong>conlectum</strong></span> <span class='ocrx_word' id='word_1_124' title='bbox 685 2375 718 2438; x_wconf 94' lang='lat' dir='ltr'><strong>in</strong></span> <span class='ocrx_word' id='word_1_125' title='bbox 741 2395 877 2459; x_wconf 88' lang='lat' dir='ltr'><strong>ecrpcra</strong></span> <span class='ocrx_word' id='word_1_126' title='bbox 900 2395 1065 2458; x_wconf 83' lang='lat' dir='ltr'><strong>quaeque,</strong></span> 
     </span>
     <span class='ocr_line' id='line_1_19' title="bbox 133 2463 1132 2571; baseline 0.005 -24"><span class='ocrx_word' id='word_1_127' title='bbox 133 2503 194 2550; x_wconf 86' lang='lat' dir='ltr'><strong>nce</strong></span> <span class='ocrx_word' id='word_1_128' title='bbox 216 2486 375 2567; x_wconf 87' lang='lat' dir='ltr'><strong>retinere,</strong></span> <span class='ocrx_word' id='word_1_129' title='bbox 392 2488 490 2554; x_wconf 89' lang='lat' dir='ltr'><strong>semel</strong></span> <span class='ocrx_word' id='word_1_130' title='bbox 513 2507 701 2553; x_wconf 86' lang='lat' dir='ltr'><strong>conversum</strong></span> <span class='ocrx_word' id='word_1_131' title='bbox 724 2489 817 2552; x_wconf 88' lang='lat' dir='ltr'><strong>unius</strong></span> <span class='ocrx_word' id='word_1_132' title='bbox 840 2508 969 2571; x_wconf 88' lang='lat' dir='ltr'><strong>amore,</strong></span> <span class='ocrx_word' id='word_1_133' title='bbox 1130 2463 1132 2467; x_wconf 19' lang='grc' dir='ltr'>ι</span> 
     </span>
     <span class='ocr_line' id='line_1_20' title="bbox 134 2602 931 2684; baseline 0.003 -22"><span class='ocrx_word' id='word_1_134' title='bbox 134 2603 166 2663; x_wconf 90' lang='grc'><strong>00</strong></span> <span class='ocrx_word' id='word_1_135' title='bbox 188 2621 321 2668; x_wconf 87' lang='lat' dir='ltr'><strong>servare</strong></span> <span class='ocrx_word' id='word_1_136' title='bbox 345 2603 404 2667; x_wconf 89' lang='lat' dir='ltr'><strong>sibi</strong></span> <span class='ocrx_word' id='word_1_137' title='bbox 429 2623 538 2668; x_wconf 88' lang='lat' dir='ltr'><strong>curam</strong></span> <span class='ocrx_word' id='word_1_138' title='bbox 560 2608 744 2684; x_wconf 88' lang='lat' dir='ltr'><strong>certumque</strong></span> <span class='ocrx_word' id='word_1_139' title='bbox 768 2602 931 2666; x_wconf 86' lang='lat' dir='ltr'><strong>dolerem:</strong></span> 
     </span>
     <span class='ocr_line' id='line_1_21' title="bbox 134 2715 931 2794; baseline 0.005 -17"><span class='ocrx_word' id='word_1_140' title='bbox 134 2716 228 2782; x_wconf 88' lang='lat' dir='ltr'><strong>ulcus</strong></span> <span class='ocrx_word' id='word_1_141' title='bbox 252 2717 334 2780; x_wconf 91' lang='lat' dir='ltr'><strong>enim</strong></span> <span class='ocrx_word' id='word_1_142' title='bbox 357 2718 490 2783; x_wconf 85' lang='lat' dir='ltr'><strong>vivescit</strong></span> <span class='ocrx_word' id='word_1_143' title='bbox 512 2723 544 2781; x_wconf 94' lang='grc'><strong>00</strong></span> <span class='ocrx_word' id='word_1_144' title='bbox 567 2717 771 2782; x_wconf 82' lang='lat' dir='ltr'><strong>inveterascit</strong></span> <span class='ocrx_word' id='word_1_145' title='bbox 793 2715 931 2794; x_wconf 83' lang='lat' dir='ltr'><strong>alendo,</strong></span> 
     </span>
     <span class='ocr_line' id='line_1_22' title="bbox 133 2828 1035 2917; baseline 0.007 -27"><span class='ocrx_word' id='word_1_146' title='bbox 133 2828 232 2913; x_wconf 92' lang='lat' dir='ltr'><strong>inque</strong></span> <span class='ocrx_word' id='word_1_147' title='bbox 256 2831 325 2898; x_wconf 86' lang='lat' dir='ltr'><strong>dics</strong></span> <span class='ocrx_word' id='word_1_148' title='bbox 347 2832 453 2916; x_wconf 78' lang='lat' dir='ltr'><strong>gliscit</strong></span> <span class='ocrx_word' id='word_1_149' title='bbox 474 2833 561 2897; x_wconf 81' lang='lat' dir='ltr'><strong>furer</strong></span> <span class='ocrx_word' id='word_1_150' title='bbox 583 2837 679 2915; x_wconf 88' lang='lat' dir='ltr'><strong>atque</strong></span> <span class='ocrx_word' id='word_1_151' title='bbox 703 2852 836 2897; x_wconf 88' lang='lat' dir='ltr'><strong>erumna</strong></span> <span class='ocrx_word' id='word_1_152' title='bbox 859 2833 1035 2917; x_wconf 82' lang='lat' dir='ltr'><strong>gravescit,</strong></span> 
     </span>
     <span class='ocr_line' id='line_1_23' title="bbox 61 2945 964 3033; baseline 0.008 -27"><span class='ocrx_word' id='word_1_153' title='bbox 61 2959 119 3008; x_wconf 84' lang='lat' dir='ltr'><strong>nuc</strong></span> <span class='ocrx_word' id='word_1_154' title='bbox 135 2945 161 3010; x_wconf 92' lang='grc'><strong>00</strong></span> <span class='ocrx_word' id='word_1_155' title='bbox 183 2967 251 3013; x_wconf 91' lang='lat' dir='ltr'><strong>non</strong></span> <span class='ocrx_word' id='word_1_156' title='bbox 272 2948 378 3031; x_wconf 90' lang='lat' dir='ltr'><strong>prima</strong></span> <span class='ocrx_word' id='word_1_157' title='bbox 401 2948 491 3014; x_wconf 86' lang='grc'><strong>00000</strong></span> <span class='ocrx_word' id='word_1_158' title='bbox 514 2948 684 3013; x_wconf 85' lang='lat' dir='ltr'><strong>conturbes</strong></span> <span class='ocrx_word' id='word_1_159' title='bbox 706 2948 837 3012; x_wconf 89' lang='lat' dir='ltr'><strong>volnera</strong></span> <span class='ocrx_word' id='word_1_160' title='bbox 859 2948 964 3033; x_wconf 82' lang='lat' dir='ltr'><strong>plagis</strong></span> 
     </span>
     <span class='ocr_line' id='line_1_24' title="bbox 134 3063 1020 3149; baseline 0.009 -26"><span class='ocrx_word' id='word_1_161' title='bbox 134 3063 372 3147; x_wconf 88' lang='lat' dir='ltr'><strong>volgivagaque</strong></span> <span class='ocrx_word' id='word_1_162' title='bbox 394 3083 496 3149; x_wconf 87' lang='lat' dir='ltr'><strong>vagus</strong></span> <span class='ocrx_word' id='word_1_163' title='bbox 519 3063 644 3128; x_wconf 87' lang='lat' dir='ltr'><strong>Venere</strong></span> <span class='ocrx_word' id='word_1_164' title='bbox 667 3069 741 3128; x_wconf 91' lang='lat' dir='ltr'><strong>ante</strong></span> <span class='ocrx_word' id='word_1_165' title='bbox 763 3065 906 3130; x_wconf 88' lang='lat' dir='ltr'><strong>recentia</strong></span> <span class='ocrx_word' id='word_1_166' title='bbox 930 3085 1020 3131; x_wconf 84' lang='lat' dir='ltr'><strong>cures</strong></span> 
     </span>
     <span class='ocr_line' id='line_1_25' title="bbox 135 3177 869 3260; baseline 0.004 -21"><span class='ocrx_word' id='word_1_167' title='bbox 135 3183 191 3241; x_wconf 88' lang='lat' dir='ltr'><strong>aut</strong></span> <span class='ocrx_word' id='word_1_168' title='bbox 214 3177 278 3241; x_wconf 89' lang='lat' dir='ltr'><strong>alic</strong></span> <span class='ocrx_word' id='word_1_169' title='bbox 301 3178 408 3260; x_wconf 85' lang='lat' dir='ltr'><strong>possis</strong></span> <span class='ocrx_word' id='word_1_170' title='bbox 431 3179 529 3243; x_wconf 89' lang='lat' dir='ltr'><strong>animi</strong></span> <span class='ocrx_word' id='word_1_171' title='bbox 552 3179 722 3244; x_wconf 88' lang='lat' dir='ltr'><strong>traducere</strong></span> <span class='ocrx_word' id='word_1_172' title='bbox 746 3185 869 3244; x_wconf 88' lang='lat' dir='ltr'><strong>motus.</strong></span> 
     </span>
     <span class='ocr_line' id='line_1_26' title="bbox 172 3291 1064 3376; baseline 0.002 -22"><span class='ocrx_word' id='word_1_173' title='bbox 172 3291 243 3356; x_wconf 89' lang='lat' dir='ltr'><strong>Nec</strong></span> <span class='ocrx_word' id='word_1_174' title='bbox 265 3293 400 3358; x_wconf 79' lang='lat' dir='ltr'><strong>Veneria</strong></span> <span class='ocrx_word' id='word_1_175' title='bbox 423 3293 525 3359; x_wconf 86' lang='lat' dir='ltr'><strong>fructu</strong></span> <span class='ocrx_word' id='word_1_176' title='bbox 548 3295 685 3360; x_wconf 86' lang='lat' dir='ltr'><strong>caretis</strong></span> <span class='ocrx_word' id='word_1_177' title='bbox 711 3293 764 3374; x_wconf 91' lang='lat' dir='ltr'><strong>qui</strong></span> <span class='ocrx_word' id='word_1_178' title='bbox 786 3294 865 3358; x_wconf 91' lang='lat' dir='ltr'><strong>vitat</strong></span> <span class='ocrx_word' id='word_1_179' title='bbox 887 3312 1064 3376; x_wconf 48' lang='lat' dir='ltr'><strong>amorem„</strong></span> 
     </span>
     <span class='ocr_line' id='line_1_27' title="bbox 135 3405 1069 3491; baseline -0.001 -22"><span class='ocrx_word' id='word_1_180' title='bbox 135 3405 192 3470; x_wconf 84' lang='lat' dir='ltr'><strong>sed</strong></span> <span class='ocrx_word' id='word_1_181' title='bbox 216 3407 321 3488; x_wconf 88' lang='lat' dir='ltr'><strong>potius</strong></span> <span class='ocrx_word' id='word_1_182' title='bbox 345 3427 428 3490; x_wconf 89' lang='lat' dir='ltr'><strong>quac</strong></span> <span class='ocrx_word' id='word_1_183' title='bbox 451 3415 524 3473; x_wconf 84' lang='lat' dir='ltr'><strong>sunt</strong></span> <span class='ocrx_word' id='word_1_184' title='bbox 546 3409 613 3473; x_wconf 89' lang='lat' dir='ltr'><strong>sine</strong></span> <span class='ocrx_word' id='word_1_185' title='bbox 636 3426 742 3491; x_wconf 87' lang='lat' dir='ltr'><strong>poena</strong></span> <span class='ocrx_word' id='word_1_186' title='bbox 763 3406 932 3472; x_wconf 86' lang='lat' dir='ltr'><strong>commoda</strong></span> <span class='ocrx_word' id='word_1_187' title='bbox 955 3405 1069 3470; x_wconf 89' lang='lat' dir='ltr'><strong>sumit:</strong></span> 
     </span>
     <span class='ocr_line' id='line_1_28' title="bbox 61 3521 953 3606; baseline 0.002 -26"><span class='ocrx_word' id='word_1_188' title='bbox 61 3533 119 3587; x_wconf 80' lang='grc'><strong>0000</strong></span> <span class='ocrx_word' id='word_1_189' title='bbox 135 3544 210 3587; x_wconf 90' lang='lat' dir='ltr'><strong>nam</strong></span> <span class='ocrx_word' id='word_1_190' title='bbox 233 3527 316 3588; x_wconf 89' lang='lat' dir='ltr'><strong>eerte</strong></span> <span class='ocrx_word' id='word_1_191' title='bbox 338 3528 450 3605; x_wconf 85' lang='lat' dir='ltr'><strong>purast</strong></span> <span class='ocrx_word' id='word_1_192' title='bbox 472 3522 560 3588; x_wconf 82' lang='lat' dir='ltr'><strong>sanis</strong></span> <span class='ocrx_word' id='word_1_193' title='bbox 582 3521 686 3606; x_wconf 85' lang='lat' dir='ltr'><strong>magis</strong></span> <span class='ocrx_word' id='word_1_194' title='bbox 708 3521 782 3586; x_wconf 89' lang='lat' dir='ltr'><strong>inde</strong></span> <span class='ocrx_word' id='word_1_195' title='bbox 805 3521 953 3602; x_wconf 86' lang='lat' dir='ltr'><strong>voluptas</strong></span> 
     </span>
     <span class='ocr_line' id='line_1_29' title="bbox 135 3634 1013 3722; baseline -0.003 -20"><span class='ocrx_word' id='word_1_196' title='bbox 135 3658 231 3720; x_wconf 92' lang='lat' dir='ltr'><strong>quam</strong></span> <span class='ocrx_word' id='word_1_197' title='bbox 253 3637 398 3702; x_wconf 85' lang='lat' dir='ltr'><strong>miseris.</strong></span> <span class='ocrx_word' id='word_1_198' title='bbox 415 3637 532 3702; x_wconf 88' lang='lat' dir='ltr'><strong>etenim</strong></span> <span class='ocrx_word' id='word_1_199' title='bbox 554 3635 700 3722; x_wconf 87' lang='lat' dir='ltr'><strong>potiundi</strong></span> <span class='ocrx_word' id='word_1_200' title='bbox 722 3641 865 3720; x_wconf 85' lang='lat' dir='ltr'><strong>tempure</strong></span> <span class='ocrx_word' id='word_1_201' title='bbox 887 3636 920 3698; x_wconf 93' lang='lat' dir='ltr'><strong>in</strong></span> <span class='ocrx_word' id='word_1_202' title='bbox 943 3634 1013 3720; x_wconf 86' lang='lat' dir='ltr'><strong>ipsc</strong></span> 
     </span>
     <span class='ocr_line' id='line_1_30' title="bbox 135 3749 927 3835; baseline 0 -20"><span class='ocrx_word' id='word_1_203' title='bbox 135 3749 267 3816; x_wconf 86' lang='lat' dir='ltr'><strong>fluctuat</strong></span> <span class='ocrx_word' id='word_1_204' title='bbox 289 3751 418 3818; x_wconf 86' lang='lat' dir='ltr'><strong>incertis</strong></span> <span class='ocrx_word' id='word_1_205' title='bbox 441 3751 602 3817; x_wconf 85' lang='lat' dir='ltr'><strong>erroribus</strong></span> <span class='ocrx_word' id='word_1_206' title='bbox 625 3751 722 3817; x_wconf 87' lang='lat' dir='ltr'><strong>ardor</strong></span> <span class='ocrx_word' id='word_1_207' title='bbox 745 3754 927 3835; x_wconf 86' lang='lat' dir='ltr'><strong>amantum,</strong></span> 
     </span>
     <span class='ocr_line' id='line_1_31' title="bbox 135 3864 1144 3950; baseline 0.004 -24"><span class='ocrx_word' id='word_1_208' title='bbox 135 3884 195 3930; x_wconf 88' lang='lat' dir='ltr'><strong>nec</strong></span> <span class='ocrx_word' id='word_1_209' title='bbox 217 3871 344 3932; x_wconf 81' lang='lat' dir='ltr'><strong>constat</strong></span> <span class='ocrx_word' id='word_1_210' title='bbox 367 3864 443 3948; x_wconf 92' lang='lat' dir='ltr'><strong>quid</strong></span> <span class='ocrx_word' id='word_1_211' title='bbox 466 3865 600 3947; x_wconf 89' lang='lat' dir='ltr'><strong>primurn</strong></span> <span class='ocrx_word' id='word_1_212' title='bbox 625 3867 726 3934; x_wconf 87' lang='lat' dir='ltr'><strong>oculis</strong></span> <span class='ocrx_word' id='word_1_213' title='bbox 748 3866 958 3950; x_wconf 89' lang='lat' dir='ltr'><strong>manibusque</strong></span> <span class='ocrx_word' id='word_1_214' title='bbox 980 3865 1144 3932; x_wconf 85' lang='lat' dir='ltr'><strong>fruantur.</strong></span> 
     </span>
     <span class='ocr_line' id='line_1_32' title="bbox 137 3979 1081 4096; baseline 0.003 -53"><span class='ocrx_word' id='word_1_215' title='bbox 137 3979 222 4062; x_wconf 89' lang='lat' dir='ltr'><strong>quod</strong></span> <span class='ocrx_word' id='word_1_216' title='bbox 245 3982 386 4066; x_wconf 88' lang='lat' dir='ltr'><strong>petiere,</strong></span> <span class='ocrx_word' id='word_1_217' title='bbox 402 3985 550 4064; x_wconf 88' lang='lat' dir='ltr'><strong>premunt</strong></span> <span class='ocrx_word' id='word_1_218' title='bbox 572 3989 661 4070; x_wconf 88' lang='lat' dir='ltr'><strong>arte,</strong></span> <span class='ocrx_word' id='word_1_219' title='bbox 677 3984 863 4066; x_wconf 86' lang='lat' dir='ltr'><strong>faciuntque</strong></span> <span class='ocrx_word' id='word_1_220' title='bbox 886 3981 1029 4048; x_wconf 86' lang='lat' dir='ltr'><strong>dolerem</strong></span> <span class='ocrx_word' id='word_1_221' title='bbox 1067 4071 1081 4096; x_wconf 50' lang='lat'><strong>·</strong></span> 
     </span>
    </p>
   </div>
   <div class='ocr_carea' id='block_1_3' title="bbox 140 4237 1259 4394">
    <p class='ocr_par' dir='ltr' id='par_1_3' title="bbox 140 4237 1259 4394">
     <span class='ocr_line' id='line_1_33' title="bbox 142 4237 1259 4323; baseline -0.004 -21"><span class='ocrx_word' id='word_1_222' title='bbox 142 4255 209 4304; x_wconf 79' lang='grc'><strong>1008</strong></span> <span class='ocrx_word' id='word_1_223' title='bbox 226 4269 319 4304; x_wconf 87' lang='lat' dir='ltr'><strong>nomen</strong></span> <span class='ocrx_word' id='word_1_224' title='bbox 339 4249 354 4320; x_wconf 79' lang='grc' dir='ltr'><strong>ΙΙ</strong></span> <span class='ocrx_word' id='word_1_225' title='bbox 376 4254 441 4305; x_wconf 78' lang='grc'><strong>1069</strong></span> <span class='ocrx_word' id='word_1_226' title='bbox 461 4252 504 4303; x_wconf 81' lang='lat' dir='ltr'><strong>ille</strong></span> <span class='ocrx_word' id='word_1_227' title='bbox 523 4250 536 4322; x_wconf 72' lang='lat' dir='ltr'><strong>ll</strong></span> <span class='ocrx_word' id='word_1_228' title='bbox 558 4254 623 4304; x_wconf 87' lang='grc'><strong>1061</strong></span> <span class='ocrx_word' id='word_1_229' title='bbox 644 4251 733 4303; x_wconf 80' lang='lat' dir='ltr'><strong>Namst</strong></span> <span class='ocrx_word' id='word_1_230' title='bbox 752 4251 766 4323; x_wconf 76' lang='grc' dir='ltr'><strong>Η</strong></span> <span class='ocrx_word' id='word_1_231' title='bbox 785 4267 853 4303; x_wconf 85' lang='lat' dir='ltr'><strong>ames</strong></span> <span class='ocrx_word' id='word_1_232' title='bbox 873 4248 887 4322; x_wconf 78' lang='grc' dir='ltr'><strong>ΙΙ</strong></span> <span class='ocrx_word' id='word_1_233' title='bbox 908 4253 974 4303; x_wconf 79' lang='grc'><strong>1060</strong></span> <span class='ocrx_word' id='word_1_234' title='bbox 994 4249 1137 4302; x_wconf 84' lang='lat' dir='ltr'><strong>coniectum</strong></span> <span class='ocrx_word' id='word_1_235' title='bbox 1157 4240 1171 4316; x_wconf 82' lang='grc' dir='ltr'><strong>ΙΙ</strong></span> <span class='ocrx_word' id='word_1_236' title='bbox 1193 4237 1259 4298; x_wconf 86' lang='grc'><strong>1068</strong></span> 
     </span>
     <span class='ocr_line' id='line_1_34' title="bbox 140 4341 219 4394; baseline 0.051 -4"><span class='ocrx_word' id='word_1_237' title='bbox 140 4341 219 4394; x_wconf 76' lang='lat' dir='ltr'><strong>vicus</strong></span> 
     </span>
    </p>
   </div>
   <div class='ocr_carea' id='block_1_4' title="bbox 0 0 1638 4994">
    <p class='ocr_par' dir='ltr' id='par_1_4' title="bbox 0 0 1638 4994">
     <span class='ocr_line' id='line_1_35' title="bbox 0 0 1638 4994; baseline 0 0"><span class='ocrx_word' id='word_1_238' title='bbox 0 0 1638 4994; x_wconf 95' lang='lat' dir='ltr'><strong> </strong></span> 
     </span>
    </p>
   </div>
  </div>
 </body>
</html>
