3240 5010
346 399 406 462 190
891 389 918 454 V

381 563 458 626 Inde
481 583 575 627 casas
598 567 671 646 post
694 581 787 643 quam
812 581 849 624 ae
872 561 967 644 pellis
988 561 1159 644 ignemque
1184 565 1353 642 pararunt,

343 687 376 742 00
397 679 510 742 mulier
533 677 702 742 coniuncto
725 675 792 741 viro
817 676 972 741 concessit
993 676 1027 739 in
1050 693 1145 738 unum

343 792 511 858 conubium
526 841 533 875 ,
550 791 735 874 prolemque
759 809 798 855 ex
821 810 856 855 se
878 791 987 855 videre
1010 795 1170 866 creatam,

344 914 410 972 tum
432 926 532 989 genus
556 905 727 968 humanum
750 906 884 989 primum
906 905 1093 969 mollescere
1116 903 1240 985 000010.

261 1042 326 1089 0000
345 1021 428 1104 ignis
452 1020 534 1085 enim
558 1019 680 1084 curavit
702 1025 736 1082 00
758 1018 841 1083 01010
863 1037 998 1101 0000000
1020 1017 1121 1098 frigus
1197 1067 1206 1078 .

344 1155 408 1198 nou
431 1135 476 1198 ita
499 1135 562 1198 iam
585 1139 718 1218 possent
740 1133 822 1198 caeli
844 1133 902 1198 sub
926 1132 1066 1213 tegmine
1090 1131 1192 1215 ieme,

344 1253 375 1312 et
398 1249 507 1313 Venus
530 1248 675 1312 inminuit
697 1247 794 1324 viris,
811 1247 965 1333 puerique
986 1249 1155 1331 parentum

344 1362 509 1427 blanditiis
531 1361 626 1426 facile
646 1341 809 1443 ingenium
832 1361 959 1442 fregere
982 1360 1177 1444 superbum.

344 1482 419 1541 tunc
442 1483 473 1540 00
495 1476 664 1540 amicitiem
687 1481 861 1560 coeperunt
883 1475 1012 1558 iungere
1036 1480 1168 1540 aventes

262 1613 328 1659 roae
345 1591 467 1659 finitimi
490 1577 572 1655 10000
594 1610 628 1654 00
650 1610 708 1654 000
731 1588 859 1654 laedere
882 1609 941 1654 nec
963 1587 1098 1671 violari,

346 1712 377 1768 et
398 1724 514 1788 pueros
537 1704 799 1768 commendarunt
821 1704 1040 1783 muliebreque
1063 1700 1223 1785 saeclum,

344 1819 474 1884 vocibus
498 1824 529 1882 00
550 1823 736 1902 gestu'cum
760 1818 856 1882 balbe
880 1817 1100 1899 significarent

345 1931 576 1996 imbecillorum
601 1949 672 1996 esse
695 1949 806 1996 aecum
830 1931 1009 1996 misererier
1032 1932 1154 1996 omnis.

346 2066 406 2112 nee
428 2053 534 2111 tamen
556 2043 748 2153 omnimodis
771 2050 896 2125 0000000
918 2044 1090 2110 concordia
1112 2044 1223 2128 gigni,

264 2182 329 2229 0000
347 2162 403 2226 000
426 2161 511 2224 bona
534 2179 713 2243 magnaque
735 2179 811 2244 pars
834 2161 982 2225 servabat
1003 2157 1136 2224 foedera
1160 2164 1266 2222 caste:

345 2281 400 2340 aut
422 2294 525 2358 genus
549 2273 718 2337 humanum
743 2274 807 2337 iam
830 2279 894 2337 tum
919 2273 1001 2339 foret
1024 2294 1117 2339 omne
1139 2278 1360 2358 peremptum,

345 2409 404 2454 000
425 2388 581 2473 potuisset
603 2387 710 2451 adhue
732 2387 909 2471 perducere
934 2389 1042 2454 saecla
1064 2411 1233 2475 propago.

385 2506 426 2568 At
447 2503 553 2568 varios
576 2503 705 2584 linguae
728 2503 848 2568 sonitus
871 2509 986 2568 natura
1009 2504 1136 2587 subegit

345 2618 489 2700 mittere,
506 2622 538 2680 00
560 2617 681 2682 utilitas
704 2619 860 2700 expressit
882 2618 1011 2682 nomina
1034 2639 1159 2696 rerum,
1210 2693 1216 2704 ,

264 2752 330 2798 0000
347 2752 411 2796 000
435 2732 500 2794 01ἰο
523 2732 627 2812 longe,
640 2733 765 2798 ratione
789 2739 886 2815 atque
909 2731 981 2816 ipsa
1002 2731 1129 2796 videtur

348 2844 535 2931 protrahere
559 2846 600 2909 ad
624 2852 748 2925 gestum
770 2866 887 2929 pueros
909 2846 1044 2911 infautia
1065 2846 1217 2930 linguae,

347 2979 416 3022 cum
440 2956 520 3021 facit
541 2965 574 3021 ut
597 2958 696 3041 digito
720 2979 803 3040 0000
826 2961 889 3025 0100
910 2959 1093 3044 0000000010
1114 2966 1310 3026 monstrent.

346 3072 440 3135 sentit
462 3071 545 3133 enim
568 3071 630 3134 vim
654 3071 789 3151 quisque
813 3091 902 3136 suam
926 3094 988 3153 quo
1012 3075 1053 3138 ad
1077 3074 1179 3156 possit
1202 3077 1310 3140 abuti.

349 3204 470 3249 cornua
492 3190 569 3247 nata
592 3183 679 3266 prius
702 3185 799 3249 vitulo
824 3204 918 3267 quam
943 3187 1099 3253 frontibus
1123 3194 1250 3273 extent,
1372 3163 1378 3172 .

265 3300 411 3368 roscillis
434 3300 533 3363 iratus
557 3298 634 3381 petit
656 3303 751 3380 00000
773 3298 908 3365 infestus
930 3301 1076 3384 inurget.

348 3420 380 3478 00
403 3413 497 3478 000011
522 3411 747 3494 pantherarum
771 3415 958 3497 scymnique
983 3418 1108 3482 leonum

346 3528 507 3609 unguibus
532 3547 570 3591 ac
593 3526 730 3610 pedibus
752 3529 815 3593 iam
838 3536 903 3594 tum
926 3551 1097 3613 morsuque
1120 3538 1316 3616 repugnant,

345 3643 397 3706 vix
421 3643 516 3706 etiam
539 3662 610 3706 cum
634 3647 707 3706 sunt
730 3641 842 3706 dentes
866 3664 1051 3728 unguesque
1075 3645 1192 3710 creati.

346 3757 479 3819 alituum
503 3777 595 3838 00000
620 3776 721 3837 genus
744 3757 804 3822 alis
828 3777 921 3821 omne
943 3757 1090 3834 videmus

264 3891 330 3936 rom
348 3869 446 3934 lidere
471 3876 502 3935 et
523 3891 543 3934 a
564 3870 671 3954 pinnis
694 3871 862 3934 tremulum
884 3877 993 3953 petere
1017 3872 1225 3938 auxiliatum.

350 4172 414 4217 1011
436 4164 519 4219 cassas
539 4167 552 4236 l}
572 4171 652 4233 pellus
673 4167 686 4238 ll
709 4173 774 4219 1013
789 4170 970 4234 Cognitasunt
990 4171 1003 4239 ΙΙ
1027 4176 1092 4223 1016
1107 4174 1184 4224 ferri.
1204 4171 1218 4242 ll
1242 4177 1307 4223 1020
1321 4175 1435 4224 violare.
1456 4172 1469 4243 Η

352 4257 418 4303 1023
433 4259 519 4306 omni.
535 4253 548 4325 11
565 4260 631 4306 1020
645 4257 725 4305 costi.
747 4253 760 4324 Η
783 4260 848 4307 1033
862 4259 899 4308 vis
914 4256 1007 4324 liquori
1027 4257 1039 4328 ll
1063 4264 1128 4310 1035
1143 4261 1250 4309 insessos
1264 4261 1278 4329 Η
1301 4265 1366 4312 1038
1381 4263 1441 4312 timu
1455 4261 1469 4328 ll

352 4345 418 4389 1039
438 4359 561 4406 proporro
