3236 5020
704 388 721 450 Ι

154 571 202 630 est
223 565 340 650 igitur,
362 563 395 626 ni
418 561 553 637 mirum,
577 559 609 622 id
633 554 719 638 quod
741 555 863 618 ratione
886 554 995 641 sagaci

151 680 354 762 quaerimus,
380 677 554 742 admixtum
579 672 693 745 rebus,
717 668 802 751 quod
824 669 918 732 inane
942 687 1113 732 vocamus.

71 815 127 860 aro
153 858 159 870 ,
197 794 279 858 lllud
301 794 334 856 in
356 791 407 856 his
429 791 525 854 rebus
546 806 587 852 ne
610 793 640 850 te
664 783 823 848 deducere
846 802 927 847 vero

151 909 270 992 possit,
295 905 380 986 quod
406 903 533 985 quidam
557 901 696 982 tingunt,
719 915 922 981 praecurrere
944 916 1058 979 cogor.

151 1021 265 1084 cedere
289 1017 502 1101 squamigeris
524 1017 635 1082 latices
658 1016 832 1081 nitentibus
855 1015 944 1078 aiunt

152 1143 184 1196 et
207 1133 345 1215 liquidas
368 1133 489 1216 aperire
512 1132 601 1209 vias,
625 1133 701 1213 quia
724 1138 796 1214 post
819 1131 890 1194 loca
912 1131 1016 1213 pisces

153 1248 315 1330 linquant,
340 1269 401 1330 quo
425 1247 548 1330 possint
571 1247 720 1314 cedentes
743 1245 901 1310 confluere
924 1245 1049 1308 undae:

74 1383 128 1427 aro
153 1362 200 1426 sic
221 1363 301 1426 alias
324 1382 449 1443 qnoque
472 1381 523 1425 res
546 1361 626 1424 inter
649 1381 684 1425 se
707 1381 802 1443 posse
826 1361 944 1424 moveri

153 1485 184 1542 et
206 1483 328 1540 mutare
354 1478 481 1550 locum,
506 1477 652 1556 quamvis
675 1477 738 1540 sint
761 1476 868 1540 omnic
891 1476 1005 1557 plena.

152 1592 295 1665 scilicet,
319 1591 352 1653 id
375 1589 457 1654 falsa
479 1597 578 1654 totum
602 1590 727 1655 ratione
751 1595 960 1673 acceptumst.

153 1725 230 1768 nam
254 1725 316 1784 qno
339 1704 532 1786 squamigeri
555 1711 703 1788 poterunt
725 1705 898 1787 procedere
919 1704 1071 1776 tandem,

155 1819 185 1882 ni
209 1818 347 1900 spatium
371 1816 515 1882 dederint
536 1819 676 1883 latices?
699 1820 875 1884 concedere
897 1813 993 1903 porro

77 1953 131 1998 300
155 1953 217 2013 quo
241 1937 388 2014 poterunt
410 1931 535 2006 undae,
559 1953 630 1998 cum
652 1935 757 2018 pisces
778 1934 824 1998 ire
847 1931 1050 2014 nequibunt?

154 2053 208 2110 aut
229 2046 324 2127 igitur
344 2053 432 2112 rnotu
454 2047 674 2130 privandumst
697 2069 833 2132 corpora
856 2066 1022 2130 quaeque,

155 2166 302 2225 antesse
326 2161 500 2225 admixtum
524 2161 725 2228 dicundumst
747 2165 840 2228 rebus
861 2167 978 2244 inane,

154 2275 238 2340 unde
260 2275 371 2338 initum
394 2277 530 2358 primurn
553 2278 662 2360 capiat
683 2298 736 2343 res
759 2297 907 2360 quaeque
930 2275 1100 2340 movendi.
1188 2321 1191 2328 .

155 2398 316 2472 postremo
340 2389 402 2453 duo
426 2389 466 2452 de
489 2411 642 2457 concursu
665 2413 801 2476 corpora
823 2395 892 2458 lata

82 2525 133 2570 300
157 2504 184 2568 si
207 2505 270 2568 cita
293 2503 469 2587 dissiliant,
493 2525 607 2589 nempe
630 2514 686 2571 adr
708 2527 800 2572 omne
823 2512 1008 2586 necessest,

155 2618 237 2682 inter·
260 2637 395 2701 corpora
418 2618 502 2698 quod
524 2619 600 2693 liat,
623 2620 770 2701 possidat
790 2621 907 2686 inane:

155 2731 182 2796 is
204 2752 299 2814 porro
324 2733 468 2814 quamvis
491 2732 608 2796 circum
631 2734 846 2798 celerantibus
869 2733 954 2798 auris

156 2846 315 2921 00011031,
331 2845 426 2922 ‚hand
448 2847 563 2928 poterit
585 2854 691 2912 tamen
714 2869 776 2912 uno
799 2856 942 2933 tempore
964 2855 1063 2913 toturn

157 2961 309 3044 compleri
332 2962 490 3044 spatium:
517 2982 589 3025 nam
612 2963 746 3045 primum
769 2983 926 3046 quemque
949 2969 1109 3027 necessest

86 3097 135 3142 300
157 3082 290 3158 occupet
311 3075 364 3140 ille
388 3078 510 3151 locum,
533 3076 650 3142 deinde
674 3079 783 3142 omnia
806 3077 1050 3162 possideantur.

158 3188 243 3279 quod
264 3189 290 3253 si
312 3188 392 3253 forte
415 3191 550 3271 aliquis,
573 3212 643 3256 curn
666 3212 803 3276 corpora
825 3193 1012 3275 dissiluere,

157 3311 221 3366 tum
242 3309 333 3386 putat
354 3304 386 3367 id
409 3303 477 3368 fieri
501 3307 577 3388 quia
599 3327 633 3372 se
657 3308 852 3372 condenseat
875 3315 950 3382 adr,

158 3425 262 3482 errat:
289 3438 362 3481 nam
384 3439 518 3485 vacuum
541 3429 605 3484 tunr
628 3421 662 3484 fit
685 3421 770 3501 qnod
794 3443 857 3484 non
879 3421 938 3484 fuit
960 3426 1055 3502 autc,

158 3542 188 3598 et
210 3538 348 3622 repletur
369 3540 445 3603 item
468 3557 602 3602 vacuum
626 3535 711 3616 qnod
735 3535 873 3600 constitit
896 3540 990 3617 ante,

89 3668 137 3714 330
160 3669 218 3714 nec
240 3652 298 3716 tali
321 3653 445 3717 ratione
467 3657 572 3736 potest
595 3650 758 3714 denserier
780 3656 855 3726 adr,

159 3785 238 3848 nec,
262 3766 288 3829 si
311 3767 376 3830 iarn
398 3772 527 3847 posset,
551 3764 728 3830 sineinani
752 3773 881 3848 posset,
905 3766 1039 3848 opinor,

158 3877 228 3960 ipse
251 3880 284 3942 in
308 3899 343 3944 se
365 3878 491 3942 trahere
514 3885 545 3942 et
566 3879 667 3961 partis
690 3878 868 3944 conducere
889 3880 921 3942 in
944 3900 1058 3944 unum.

200 3993 272 4071 Qua
295 4000 445 4076 propter,
469 3993 614 4070 quamvis
636 3995 800 4058 causando
824 3994 924 4058 multa
946 3993 1100 4076 moreris,

160 4157 358 4168 —————-a—-——.-

161 4260 318 4309 31331001.
348 4259 362 4328 ΙΙ
390 4263 440 4310 383
460 4258 561 4308 initium
591 4255 603 4324 ΙΙ
634 4261 684 4307 384
703 4275 826 4310 concurso
851 4260 864 4327 ll
892 4264 1005 4312 3861101
1030 4261 1043 4328 Η
1070 4267 1119 4312 389
1139 4264 1245 4324 quisque
1265 4260 1278 4330 {l

160 4348 210 4394 ³95
230 4348 404 4396 condenserler
