3266 4994
199 599 202 604 Ι
264 641 313 688 145
339 638 466 702 semper
487 617 570 681 enim
593 636 750 682 summum
774 615 925 697 quicquid
948 616 989 680 de
1012 617 1108 680 rebus
1131 615 1293 692 abundat,

340 732 427 815 quod
449 731 696 796 iaculentu1·.et
717 729 779 794 hoo
802 729 883 794 alias
906 749 976 794 curn
999 730 1143 813 pervenit
1165 729 1197 792 in
1221 749 1293 807 155,

340 847 470 929 transit,
487 850 521 909 ut
542 845 576 908 in
598 844 709 929 primis
730 851 871 909 vestem:
888 842 947 908 sed
969 843 1023 908 ubi
1047 863 1162 928 aspera
1184 863 1263 907 saxa

340 961 450 1025 autin
473 959 639 1023 materiam
661 958 741 1040 ligni
763 958 928 1042 pervenit,
945 957 990 1020 ibi
1013 957 1078 1022 iam

342 1073 513 1157 scinditur,
530 1079 564 1136 ut
586 1073 709 1137 nullum
731 1071 934 1137 simulacrum
957 1070 1090 1138 reddere
1113 1073 1234 1157 possit.

268 1211 317 1258 150
342 1196 376 1254 at
399 1209 470 1254 cum
492 1186 665 1270 splendida
688 1205 771 1269 quae
794 1191 940 1250 constant
963 1193 1099 1270 opposta
1121 1186 1250 1253 fuerunt
1323 1249 1326 1257 ,

344 1303 529 1385 densaque,
545 1306 580 1365 ut
601 1301 635 1364 in
657 1301 767 1384 primis
790 1300 954 1383 speculum
977 1306 1044 1384 est,
1061 1302 1105 1366 nil
1129 1302 1247 1366 accidit
1267 1301 1401 1367 horum:

344 1438 418 1482 nam
442 1435 567 1500 neque,
583 1416 629 1479 uti
652 1420 793 1494 vestem,
810 1414 894 1497 potis
915 1420 962 1478 est
985 1416 1139 1499 transire,
1157 1435 1259 1496 neque
1281 1423 1388 1480 autem

343 1531 445 1596 scindi
461 1552 468 1612 3
487 1550 583 1611 quam
607 1528 750 1594 meminit
770 1529 859 1593 levor·
882 1535 1048 1612 praestare
1072 1530 1227 1594 salutem.

345 1667 410 1727 qua
432 1627 563 1728 propter
585 1643 619 1708 fit
641 1650 674 1707 ut
697 1643 770 1706 hinc
792 1642 886 1706 nobis
910 1643 1084 1708 simulacra
1106 1641 1304 1708 redundent.

270 1781 319 1828 155
346 1767 378 1824 et
400 1758 545 1840 quamvis
568 1757 693 1840 subito,
711 1757 822 1839 quovis
845 1756 878 1820 in
900 1762 1062 1840 tempore,
1080 1776 1240 1839 quamque

345 1893 412 1938 rem
435 1877 544 1937 contra
567 1873 730 1954 speculum
752 1892 874 1955 ponas,
892 1877 1026 1956 apparet
1047 1872 1177 1956 imag03

344 1994 499 2071 perpetuo
523 1985 620 2049 fluere
642 1991 676 2048 ut
698 2004 815 2050 noscas
838 2006 856 2050 e
879 2006 1011 2070 corpore
1035 1965 1157 2052 summo

346 2107 487 2165 texturas
509 2119 613 2163 rerum
637 2101 742 2164 tenuis
766 2101 934 2182 tenuisque
956 2101 1096 2182 figuras.

347 2235 423 2298 ergo
446 2215 544 2277 multa
565 2215 654 2278 brevi
677 2214 782 2298 spatio
806 2215 978 2279 simulacra
1000 2221 1177 2298 genantur,

273 2350 321 2396 roo
346 2335 380 2393 ut
402 2329 514 2394 morito
540 2327 624 2392 celer
646 2329 695 2393 his
718 2329 812 2393 rebus
836 2329 958 2394 dicatur
981 2330 1092 2412 origo.

347 2450 379 2509 et
402 2444 495 2525 quasi
518 2445 617 2508 multa
640 2445 726 2508 brevi
750 2447 852 2528 spatio
876 2444 1071 2509 summittere
1094 2444 1190 2509 debet

348 2559 469 2622 lumina
492 2559 559 2642 sol,
576 2563 611 2621 ut
632 2566 786 2642 perpetuo
810 2559 872 2623 sint
895 2559 1003 2624 onmia
1025 2558 1139 2642 plena,

348 2676 394 2739 sic
417 2674 457 2737 ab
481 2675 576 2738 rebus
599 2674 674 2738 item
698 2673 793 2737 simili
816 2674 938 2738 ratione
960 2679 1127 2738 necessest

349 2788 502 2872 temporis
524 2791 556 2852 in
580 2795 695 2873 puncto
719 2810 824 2854 rerum
847 2788 1018 2874 simulacra
1041 2787 1186 2852 ferantur

276 2925 324 2972 165
351 2904 450 2967 multa
472 2904 575 2967 modis
597 2904 703 2968 multis
726 2905 758 2966 in
781 2910 910 2968 cunctas
933 2902 1075 2985 undique
1097 2903 1217 2986 partis;

351 3019 609 3100 quandoquidem
634 3020 797 3102 speculum
821 3039 882 3100 quo
906 3039 1041 3101 cumque
1065 3019 1258 3082 obvertimus
1281 3017 1364 3099 orie,

350 3152 401 3197 res
424 3133 486 3197 sibi
508 3133 704 3217 respondent
726 3133 822 3197 simili
843 3134 947 3198 forma
970 3139 1065 3215 atque
1088 3133 1214 3198 colore.

392 3247 574 3333 [Praeterea
596 3247 691 3310 modo
715 3267 784 3311 cum
808 3247 904 3312 suerit
925 3249 1138 3330 liquidissima
1160 3247 1241 3310 caeli

306 3394 307 3398 =
350 3367 542 3446 tempestas,
558 3382 714 3447 perquam
736 3363 839 3428 subito
863 3364 898 3428 fit
920 3364 1048 3428 turbida
1070 3361 1185 3436 foede,

278 3496 327 3542 115
351 3477 493 3558 undique
516 3479 559 3540 uti
582 3477 734 3542 tenebras
757 3480 859 3544 551515
881 3478 1065 3543 Acherunta
1086 3475 1187 3538 rearis

350 3590 483 3672 liquisse
507 3599 538 3655 et
560 3612 694 3673 magnas
718 3592 799 3656 caeli
822 3594 999 3676 complesse
1022 3609 1197 3655 cavernas.

351 3725 454 3786 usque
477 3706 560 3771 adeo
583 3713 686 3772 taetra
709 3708 887 3771 nimborum
910 3711 1003 3770 nocte
1027 3709 1136 3768 coorta

353 3819 529 3904 inpendent
552 3827 641 3886 atrae
663 3820 842 3884 formidinis
866 3839 923 3883 ora
946 3837 1104 3902 superne;

353 3955 486 4017 quorum
510 3934 663 4016 quantula
685 3953 759 4016 pars
783 3933 824 3996 sit
845 3933 953 4013 imago
977 3932 1083 3998 dicere
1104 3939 1230 4000 nemost

353 4153 554 4160 ——————

357 4295 406 4341 150
425 4291 543 4356 opposita
562 4288 576 4360 ΙΙ
598 4296 646 4342 152
665 4303 770 4360 possunt
791 4290 803 4362 ll
826 4297 874 4343 159
895 4305 1032 4358 geruntur.
