3236 5020
274 409 288 428 ·
372 389 413 452 82
912 383 955 447 111

316 571 350 619 55
373 554 509 638 percipit
530 556 687 619 humanos
710 553 818 617 odium
839 552 982 634 lucisque
1005 553 1182 630 videndae,

371 673 406 730 ut
428 668 488 732 sibi
512 669 711 733 consciscant
732 668 883 734 maerenti
906 673 1035 751 pectore
1058 669 1174 744 letum,

374 780 463 845 obliti
486 781 605 847 fontem
629 802 775 847 curarum
798 782 883 847 hunc
905 802 977 848 esse
999 783 1168 858 timorem,

372 895 456 959 huuc
477 916 595 962 vexare
618 899 790 980 pudorem,
808 898 892 962 hunc
913 896 1043 962 vincula
1068 895 1218 960 amicitiai

371 1028 517 1092 rumpere
541 1018 571 1076 et
593 1013 626 1076 in
649 1032 771 1077 summa
792 1013 944 1096 pietatem
966 1017 1108 1076 evertere
1131 1010 1266 1075 fraude:

313 1142 345 1189 85
371 1126 531 1188 narniam
554 1145 654 1210 saepe
677 1126 823 1191 homines
845 1127 981 1210 patriam
1005 1143 1162 1206 carusque
1184 1123 1326 1206 parentis

370 1236 715 1327 prodider·unt‚lvitare
737 1239 912 1306 Acherusia
933 1240 1052 1322 templa
1072 1245 1238 1323 petentes.

370 1373 444 1416 narn
468 1356 518 1418 vcl
541 1355 584 1418 uti
608 1355 699 1438 pueri
720 1354 882 1438 trepidant
904 1362 998 1436 atque
1022 1353 1130 1417 omnia
1152 1352 1257 1416 caecis

369 1467 402 1530 in
425 1468 564 1532 tenebris
588 1475 748 1552 metuunt,
766 1469 812 1534 sic
834 1490 893 1536 nus
915 1469 949 1532 iu
971 1469 1043 1533 luce
1065 1468 1211 1532 timemus

369 1583 451 1647 inter
473 1582 569 1666 dum,
588 1583 651 1647 nilo
675 1603 759 1664 quae
781 1592 854 1649 suut
877 1584 1049 1649 metuenda
1071 1582 1176 1664 magis
1199 1602 1294 1663 quum

313 1717 345 1763 ac
371 1716 453 1777 quae
476 1697 568 1779 pueri
590 1698 622 1760 in
645 1698 786 1762 tenebris
809 1699 954 1782 pavitant
975 1697 1162 1781 finguntque
1184 1696 1310 1760 futura.

370 1811 452 1875 hunc
474 1810 569 1891 igitur
590 1817 744 1876 terrorem
767 1813 861 1877 animi
885 1813 1096 1892 tenebrasque
1118 1816 1281 1874 necessest

368 1947 433 1989 ncn
455 1924 536 1989 radii
560 1926 638 1990 solis
661 1945 763 2009 neque
785 1927 892 1991 lucida
914 1926 979 1990 tela
1002 1926 1069 1990 diet

368 2038 558 2121 discutiant,
576 2041 634 2104 sed
657 2047 791 2104 naturae
814 2041 939 2123 species
962 2040 1130 2121 ratioque.

406 2153 547 2218 Primum
569 2155 706 2218 animum
730 2155 820 2237 dico,
839 2161 974 2219 mentem
998 2174 1093 2234 quam
1116 2170 1214 2236 saepe
1237 2169 1409 2225 vocamus,

311 2286 343 2333 55
368 2266 401 2330 in
425 2285 487 2347 quc
511 2268 678 2332 consilium
701 2268 784 2333 vitae
807 2269 1015 2350 regimenque
1037 2267 1176 2332 locatum
1200 2271 1267 2340 est,

370 2399 442 2445 esse
465 2381 603 2446 hominis
626 2388 750 2466 partem
773 2383 838 2447 nilo
861 2383 965 2446 minus
988 2403 1025 2446 ac
1047 2401 1161 2445 manus
1185 2386 1215 2444 et
1236 2397 1295 2462 pes

367 2500 471 2576 atque.
485 2496 588 2560 oculei
611 2504 719 2580 partes
741 2497 911 2562 animantis
933 2498 1028 2562 tutius
1055 2501 1183 2560 extant.

302 2775 303 2780 1
367 2743 494 2788 sensum
520 2725 617 2789 animi
641 2731 728 2790 certa
750 2747 815 2790 non
837 2745 908 2790 esse
931 2725 964 2788 in
987 2730 1079 2808 parte
1101 2722 1263 2803 locatum,

365 2856 477 2902 verum
500 2837 643 2902 habitum
666 2841 828 2921 quendam
849 2839 978 2905 vitalem
1002 2837 1145 2921 corporis
1168 2855 1260 2910 esse,

294 2970 342 3016 100
368 2949 566 3015 harmoniam
591 2953 667 3017 Grai
690 2973 787 3035 quam
809 2955 937 3037 dicunt,
955 2953 1039 3034 quod
1063 2952 1162 3016 faciat
1183 2970 1244 3014 uos

365 3065 472 3131 vivere
495 3085 566 3129 curn
588 3086 704 3150 sensu,
722 3069 812 3133 nulla
834 3089 905 3134 cum
928 3068 959 3131 in
982 3073 1076 3150 parte
1096 3066 1157 3130 siet
1176 3084 1285 3144 rnens3

367 3186 401 3244 ut
423 3181 509 3245 bona
532 3200 632 3265 saepe
656 3182 806 3248 valetudo
831 3204 902 3247 cum
926 3182 1042 3247 dicitur
1064 3201 1136 3246 esse

367 3295 528 3378 corporis,
546 3302 576 3359 et
598 3317 662 3361 non
684 3304 732 3362 cst
754 3304 861 3362 tamen
885 3298 966 3362 haec
988 3317 1066 3380 pars
1088 3296 1155 3359 ulla
1177 3293 1334 3357 valentis.

366 3410 412 3474 sic
435 3410 532 3473 animi
556 3430 684 3475 sensum
707 3433 772 3476 non
794 3418 883 3477 certa
905 3418 996 3497 parte
1019 3414 1197 3493 reponunt3

292 3543 341 3590 105
366 3543 485 3605 magno
509 3545 606 3609 opere
628 3527 661 3590 in
684 3549 746 3609 quc
770 3528 813 3590 mi
836 3527 953 3591 diversi
977 3521 1085 3589 errare
1107 3523 1274 3587 videntur.

366 3657 466 3723 saepe
487 3639 616 3724 itaque,
633 3641 665 3705 in
689 3647 836 3725 promptu
860 3659 975 3724 corpus
999 3636 1086 3720 quud
1108 3638 1265 3722 cernitur,
1282 3642 1414 3720 acgret,

366 3774 437 3818 cunr
459 3760 567 3820 tamen
590 3776 630 3822 ex
653 3757 719 3820 alia
741 3757 900 3820 laetamur
922 3758 1013 3836 parte
1035 3752 1167 3817 latenti:
1188 3839 1191 3843 Ι

366 3875 400 3934 et
422 3876 504 3935 retro
527 3869 561 3934 fit
582 3871 628 3934 uti
651 3879 760 3935 contra
783 3869 824 3932 sit
846 3887 944 3950 saepe
970 3867 1130 3950 vicissim,

365 4005 436 4048 cum
458 3987 554 4050 miser
578 4005 618 4050 ex
641 3983 748 4049 animo
771 3983 910 4047 laetatur
932 4002 1066 4066 corpore
1088 3987 1178 4064 t0t03

369 4251 399 4300 81
421 4251 578 4300 coniciscant
598 4248 612 4318 Η
631 4253 664 4299 84
684 4251 777 4314 pietate
797 4247 810 4319 ΙΙ
830 4252 934 4302 suadet.
955 4249 968 4320 Η
989 4254 1021 4300 94
1041 4265 1115 4312 quem
1136 4246 1149 4316 Η
1170 4249 1334 4296 9555551555
1356 4242 1369 4314 ΙΙ
1389 4246 1490 4294 10015-

369 4341 421 4394 ciat
440 4337 454 4412 Η
476 4343 523 4388 106
544 4353 663 4400 aegrum.
685 4336 698 4411 Η
722 4341 769 4388 108
789 4340 833 4388 ubi
