3266 4994
340 389 382 451 94
878 384 925 448 Ill

339 553 414 616 inde
436 551 491 616 ubi
512 552 650 617 robustis
673 551 812 617 adolevit
833 551 952 617 viribus
975 557 1087 636 aetas,

266 687 317 735 400
342 665 510 730 consilium
533 686 659 747 quoque
683 667 784 732 maius
806 672 839 732 et
860 668 982 731 auctior
1003 675 1051 732 est
1073 668 1169 732 animi
1188 668 1255 732 vis:

340 786 414 864 post
436 779 489 843 ubi
510 780 574 843 iarn
595 781 711 845 validis
735 788 921 862 quassatum
945 787 992 847 est
1015 749 1135 846 viribus
1158 783 1230 848 aevi

343 915 457 977 corpus
482 901 513 958 ct
535 895 655 960 obtusis
679 896 860 960 ceciderunt
881 895 1001 960 viribus
1024 903 1131 974 artus,

341 1008 503 1072 claudicat
524 1009 706 1092 ingenium,
724 1009 841 1074 delirat
861 1009 992 1092 lingua,
1008 1009 1100 1074 labat
1122 1030 1231 1088 mens,

342 1123 449 1186 omnia
472 1122 624 1188 deficiunt
646 1129 743 1205 atque
766 1145 830 1188 uno
852 1129 994 1207 tempore
1018 1122 1150 1189 desunt.

266 1255 316 1303 400
343 1227 420 1320 ergo
444 1236 576 1302 dissolui
599 1257 726 1320 quoque
749 1239 897 1303 convenit
918 1258 1045 1304 omnem
1068 1238 1186 1304 animai

341 1360 506 1430 naturam,
522 1372 579 1415 ceu
603 1351 727 1430 furnus,
744 1352 777 1415 in
799 1352 883 1416 altas
906 1353 990 1417 aeris
1012 1373 1128 1432 auras;

341 1467 600 1548 quandoquidem
622 1467 709 1551 gigni
733 1467 851 1550 pariter
873 1467 1055 1550 pariterque
1077 1468 1220 1533 videmus

344 1602 486 1646 creseere
509 1588 559 1659 et,
575 1589 610 1645 ut
631 1582 745 1665 docui,
762 1583 855 1647 simul
879 1603 959 1649 aevo
981 1581 1068 1647 fessa
1090 1581 1216 1648 fatisci.

382 1699 451 1761 Huc
473 1698 596 1762 accedit
618 1697 662 1760 uti
685 1697 871 1780 videamus,
890 1717 1006 1780 corpus
1029 1703 1062 1760 ut
1084 1697 1188 1780 ipsum

268 1833 318 1879 400
344 1813 507 1895 suscipere
529 1811 666 1876 inmanis
688 1813 815 1876 morbos
839 1811 1015 1891 durumque
1039 1811 1203 1895 dolorem,

344 1926 391 1990 sio
414 1926 554 1990 animum
577 1946 671 1990 curas
693 1927 775 1990 acris
794 1927 976 2005 luctumque
997 1931 1196 2006 metumque;

344 2060 443 2121 quare
467 2041 655 2126 participem
677 2041 733 2105 leti
756 2059 883 2122 quoque
906 2038 1055 2130 convenit
1076 2059 1167 2106 esse.

346 2155 539 2236 quinetiam
560 2155 679 2220 morbis
702 2156 735 2218 in
758 2153 901 2237 corporis
924 2153 1015 2218 avius
1038 2161 1123 2217 errat
1196 2192 1202 2198 -

345 2288 442 2353 saepe
465 2270 608 2334 animus:
626 2269 776 2333 dementit
799 2268 883 2333 enirn
907 2266 1071 2348 deliraque
1094 2266 1201 2351 fatur,

269 2406 319 2452 400
345 2384 587 2466 interdumque
610 2382 702 2464 gravi
725 2382 870 2463 lethargo
894 2379 993 2446 fertur
1014 2381 1048 2444 in
1069 2383 1168 2445 altum

345 2504 573 2582 aeternumque
596 2517 743 2583 soporem
766 2497 867 2561 oculis
889 2500 1031 2577 nutuque
1054 2496 1198 2578 cadenti3

343 2613 428 2676 unde
451 2631 554 2693 neque
577 2612 708 2676 exaudit
730 2632 824 2676 voces
847 2629 906 2674 uec
927 2630 1060 2674 noscere
1083 2611 1186 2675 voltus

343 2728 469 2791 illorum
491 2726 575 2809 potis
598 2733 664 2808 est,
681 2726 723 2790 ad
746 2726 841 2789 vitam
867 2725 919 2807 qui
939 2731 1129 2789 revocantes

346 2840 460 2904 circum
484 2845 568 2904 stant
588 2840 730 2905 lacrimis
752 2845 896 2904 rorantes
918 2860 976 2904 ora
999 2858 1184 2921 genasque.

269 2975 320 3021 rro
348 2973 447 3035 quare
470 2954 608 3017 animum
631 2974 756 3035 quoque
779 2953 911 3018 dissolui
934 2953 1057 3018 fateare
1079 2959 1262 3030 necessest,

346 3067 605 3150 quandoquidem
628 3075 796 3152 penetrant
817 3068 849 3132 in
874 3089 943 3132 eum
967 3067 1117 3148 contagia
1141 3067 1262 3130 morbi:

346 3203 420 3245 nam
443 3181 535 3246 dolor
556 3203 594 3247 ao
617 3183 746 3248 morbus
769 3184 821 3247 leti
844 3182 1017 3246 fabricator
1040 3185 1224 3261 uterquest;

346 3296 514 3359 multorum
537 3297 634 3360 exitio
657 3297 801 3380 perdocti
822 3294 906 3379 quod
931 3316 1040 3361 sumus
1063 3303 1156 3360 ante.

270 3430 321 3476 4ῑο
348 3410 486 3490 denique
510 3429 582 3486 cor,
600 3410 758 3476 bominem
782 3432 852 3475 curn
875 3411 939 3474 viui
962 3412 1010 3474 vis
1032 3409 1211 3494 penetravit

346 3525 429 3589 acris
452 3525 538 3589 etin
560 3545 659 3590 venas
684 3525 832 3590 discessit
853 3524 970 3588 diditus
993 3524 1109 3606 ardor,

346 3641 550 3719 consequitur
572 3639 715 3723 gravitas
737 3639 970 3714 membrorum,
989 3636 1236 3720 praepediuntur

346 3773 437 3816 crura
459 3755 642 3836 vacillanti,
660 3733 812 3818 tardescit
834 3753 964 3833 lingua,
981 3749 1088 3815 madet
1110 3772 1219 3834 mens,

270 3887 321 3933 400
346 3875 424 3932 nant
447 3869 550 3953 oculi,
568 3870 687 3933 clamor
709 3865 866 3948 singultus
888 3864 992 3948 iurgia
1014 3866 1170 3947 gliscunt,

346 4051 546 4059 ——-——--...—

349 4172 399 4218 449
417 4169 527 4218 subustis
552 4165 565 4236 ΙΙ
591 4170 642 4215 450
662 4176 750 4215 auctor·
775 4165 788 4234 ll
814 4170 864 4217 453
884 4167 954 4218 labat
972 4170 1111 4220 omissum.
1138 4165 1151 4236 ΙΙ
1175 4170 1225 4216 456
1246 4168 1311 4216 acris
1336 4166 1349 4234 ll
1373 4168 1425 4215 458
1445 4175 1471 4214 ut

351 4257 491 4306 corissum.
507 4253 520 4322 [l
537 4255 626 4302 saetis.
642 4251 655 4320 Η
670 4257 719 4303 462
731 4256 879 4318 particidem
895 4252 908 4323 ΙΙ
922 4260 974 4305 470
985 4257 1063 4305 fatere
1078 4255 1091 4322 Η
1105 4252 1267 4322 4720040011
1283 4257 1440 4303 trs—510.
1456 4255 1468 4320 ij

354 4347 405 4392 475
425 4343 456 4390 Et
474 4342 568 4404 puriter
586 4351 694 4390 mentem
713 4343 796 4390 sanari
816 4359 906 4407 corpus
924 4345 1010 4392 inani.
1032 4343 1045 4412 Η
1066 4344 1116 4389 479
1137 4341 1283 4391 vociliaanti
