3236 5020
369 375 408 439 16
920 369 935 434 Ι

368 561 440 607 esse
463 540 496 604 in
519 540 615 605 rebus
636 541 732 604 inane
753 547 860 605 tamen
883 540 1007 605 fateare
1031 549 1214 606 necessest.

295 678 345 724 400
367 657 530 737 multaque
552 662 717 738 praeterea
739 655 795 719 tibi
817 675 947 737 possum
972 653 1251 720 commemorando

368 779 557 855 argumenta
579 770 673 834 tidem
696 769 790 835 dictis
815 769 988 835 conradere
1012 771 1147 834 nostris.

367 906 475 952 verurn
499 887 605 949 animo
628 885 705 950 satis
727 884 810 948 haec
831 885 967 968 vestigia
988 905 1090 970 parva
1112 886 1226 966 sagaci

366 1007 458 1076 sunt,
481 1021 539 1084 per·
562 1019 647 1081 quae
670 999 775 1082 possis
798 1019 994 1083 cognoscere
1017 1005 1121 1064 cetera
1144 1005 1230 1064 tute:

366 1133 504 1196 namque
526 1133 624 1178 canes
647 1120 680 1176 ut
702 1113 907 1196 montivagae
931 1133 1088 1197 persaepe
1111 1114 1190 1177 ferai

293 1251 344 1296 404
366 1231 497 1294 naribus
520 1228 685 1292 inveniunt
706 1228 850 1299 intectas,
864 1229 974 1293 fronde
997 1229 1141 1309 quietes,

366 1365 435 1408 oum
459 1344 559 1409 semel
581 1343 760 1407 institerunt
781 1344 918 1428 vestigia
941 1351 1030 1409 certa
1052 1343 1137 1424 viai,

367 1459 412 1523 sic
435 1459 502 1523 alid
522 1479 561 1522 ex
584 1459 649 1524 alio
672 1479 728 1541 per
750 1464 781 1522 te
805 1465 869 1522 tute
891 1461 961 1542 ipse
984 1458 1093 1522 videre

366 1574 484 1638 talibus
505 1572 538 1636 in
562 1573 655 1637 rebus
678 1573 798 1654 poteris
821 1592 1004 1654 caecasque
1027 1573 1168 1636 latebras

366 1688 528 1753 insinuare
550 1688 653 1750 onmis
676 1693 707 1751 et
729 1707 838 1751 verum
861 1687 1047 1771 protrahere
1069 1657 1166 1751 inde'.

294 1824 344 1870 440
367 1802 500 1884 quodsi
523 1802 662 1885 pigraris
685 1801 853 1884 paulumve
876 1802 1047 1868 recesseris
1069 1801 1110 1866 ab
1133 1820 1188 1883 re,

368 1916 428 1980 hoc
450 1916 506 1980 tibi
529 1915 569 1981 de
591 1917 689 2000 plano
712 1937 842 2000 possum
864 1918 1069 2001 promittere,
1093 1916 1240 1979 Memmi:

368 2051 467 2112 usque
490 2031 571 2096 adeo
595 2033 703 2115 largos
725 2031 857 2097 haustus
881 2052 899 2096 e
920 2031 1052 2096 fontibu'
1072 2030 1198 2110 magnis

369 2148 478 2227 lingua
501 2167 572 2210 meo
595 2148 702 2211 suavis
726 2146 782 2209 diti
805 2147 998 2230 depectere
1024 2145 1151 2226 fundet,

367 2267 400 2324 ut
423 2281 536 2326 verear·
559 2282 599 2325 ne
622 2260 714 2325 tarda
736 2262 823 2344 prius
846 2281 905 2345 per
926 2262 1070 2325 membra
1094 2265 1239 2322 senectus

295 2397 345 2443 rra
368 2381 476 2458 serpat
499 2380 531 2440 et
551 2375 584 2438 in
608 2375 700 2440 nobis
723 2376 797 2440 vitai
821 2377 961 2440 claustra
984 2375 1144 2456 resolvat,

369 2511 464 2573 quam
487 2491 543 2556 tibi
567 2490 608 2554 de
631 2491 744 2570 quavis
767 2512 831 2556 una
854 2511 888 2556 re
910 2491 1054 2554 versibus
1081 2491 1183 2554 omnis

368 2611 624 2687 argumentorum
649 2605 689 2669 sit
711 2605 803 2688 eopia
827 2605 923 2670 missa
946 2625 1002 2689 per
1025 2605 1132 2669 auris.
1226 2687 1233 2701 .

412 2720 476 2785 Sed
500 2740 582 2784 nune
604 2725 638 2783 ut
661 2726 801 2803 repetam
825 2727 970 2802 coeptum
994 2727 1160 2803 pertexere
1184 2719 1295 2799 dictis,

370 2835 492 2910 omnis,
516 2841 549 2897 ut
571 2840 636 2909 est,
659 2834 754 2914 igitur
778 2855 835 2918 per
858 2854 893 2900 se
916 2842 1033 2898 natura
1059 2834 1184 2897 duabus

298 2971 348 3016 420
372 2948 512 3014 constitit
533 2949 566 3013 in
589 2948 703 3013 rebus:
727 2969 800 3012 narn
823 2970 959 3033 corpora
981 2954 1072 3028 sunt,
1097 2951 1128 3008 et
1150 2945 1265 3020 inane,

370 3065 449 3128 haec
470 3064 503 3126 in
527 3085 588 3144 quo
613 3063 673 3128 sita
696 3071 768 3128 sunt
791 3071 822 3128 et
845 3085 907 3144 qua
929 3064 1056 3127 diversa
1077 3065 1262 3123 moventur.

285 3183 288 3190 “
371 3198 484 3261 corpus
508 3178 590 3241 enim
613 3198 670 3260 per·
694 3199 727 3242 se
751 3178 925 3242 communis
947 3175 1076 3238 dedicat
1098 3193 1169 3238 esse

370 3312 501 3369 sensus3
526 3292 575 3356 cui
599 3293 660 3356 nisi
682 3293 786 3375 prima
809 3291 889 3354 tides
912 3286 1044 3351 tundata
1065 3287 1203 3369 valebit,

371 3407 448 3470 haut
469 3406 527 3471 erit
549 3408 678 3472 occultis
701 3407 740 3470 de
764 3404 858 3468 rebus
882 3408 944 3482 quo
967 3399 1141 3465 referentes

298 3543 348 3588 425
371 3521 559 3586 confirmare
581 3521 680 3585 animi
704 3518 872 3601 quicquam
896 3517 1020 3578 ratione
1043 3534 1216 3594 queamus.

369 3644 434 3700 turn
456 3657 551 3720 porro
574 3635 663 3698 locus
686 3652 725 3695 ac
748 3628 906 3712 spatium,
931 3628 1017 3709 quod
1039 3629 1134 3692 inane
1156 3649 1327 3706 vocamus,

371 3751 397 3814 si
420 3750 540 3812 nultum
564 3749 665 3820 foret,
689 3745 766 3806 haut
787 3763 922 3823 usquam
946 3743 1007 3808 sita
1029 3763 1164 3826 corpora
1185 3751 1317 3828 possent

363 3846 441 3929 ¹esse
464 3879 566 3942 neque
589 3858 716 3922 omnino
739 3877 897 3938 quoquam
920 3858 1048 3922 diversa
1070 3879 1198 3937 meare3

371 3979 403 4041 id
427 3975 511 4057 quod
534 3974 598 4036 iam
621 3990 737 4055 supera
759 3972 816 4036 tibi
839 3975 935 4056 paulo
959 3975 1155 4039 ostendimus
1178 3978 1275 4037 ante.

299 4113 350 4160 430
371 4096 539 4175 praeterea
560 4087 605 4151 nil
629 4087 784 4171 estquod
807 4089 911 4172 possis
935 4089 1041 4154 dicere
1064 4091 1104 4153 ab
1127 4087 1212 4152 omni

372 4247 572 4256 --σ---η-

374 4340 424 4385 404
444 4333 541 4384 serare.
563 4331 576 4402 11
596 4339 644 4383 411
666 4344 742 4399 ptano
764 4333 777 4403 ΙΙ
797 4339 847 4384 412
867 4351 987 4397 magnes.
1008 4333 1022 4398 Η
1042 4333 1092 4378 414
1113 4341 1185 4375 urear
