3266 4994
727 420 771 483 ΙΙΙ

183 612 255 658 erse
277 592 401 656 animos
423 590 610 671 animasque
633 588 712 654 levis
734 594 769 652 ut
790 606 923 653 noscere
945 587 1071 672 possis,

184 705 364 786 conquisita
386 704 439 767 diu
464 702 613 810 dulcigue
634 707 761 785 reperta
783 701 896 766 laboro

100 841 158 887 420
184 819 284 903 digua
306 823 361 881 tua
383 836 517 901 pergam
542 817 712 900 disponere
736 816 877 880 carmina
899 815 995 879 curo.

183 940 217 996 tu
239 932 291 997 fao
312 938 479 1011 utrumque
504 932 557 995 uni
581 929 893 1022 subiungasuomen
918 948 1046 1013 eorum,

184 1053 280 1128 atque
304 1045 443 1110 animam
466 1045 555 1110 verbi
578 1065 677 1109 causa
700 1064 771 1107 oum
795 1043 899 1108 dicere
922 1062 1077 1125 pergam,

184 1160 350 1224 mortalem
374 1177 446 1224 esse
469 1158 607 1238 docens,
624 1157 764 1221 animum
788 1176 913 1238 quoque
937 1157 1042 1222 dicere
1066 1157 1201 1240 eredas,
1284 1241 1289 1250 Ι

185 1294 249 1355 qua
271 1282 364 1338 tenus
387 1280 435 1338 cst
456 1293 552 1336 unum
575 1273 658 1337 inter
680 1291 714 1336 se
738 1271 968 1352 coniunctaque
991 1292 1042 1336 res
1064 1277 1132 1336 est.

105 1409 159 1454 425
183 1388 340 1472 principio
365 1387 514 1468 quoniam
537 1383 664 1451 tenuem
688 1392 834 1450 constare
857 1385 985 1449 minutis

186 1502 373 1584 corporibus
395 1501 488 1565 docui
511 1500 674 1581 multoque
696 1500 871 1563 minoribus
896 1519 967 1564 esse

185 1615 348 1698 principiis
371 1614 488 1678 factam
512 1635 606 1695 quum
629 1614 768 1695 liquidus
790 1634 880 1678 umor
903 1614 1000 1694 aquai

188 1735 242 1792 aut
263 1729 382 1793 nebule
404 1735 457 1793 aut
479 1728 603 1811 fumus,
621 1728 686 1792 iam
707 1730 805 1809 longe
825 1728 1003 1792 mobilitate

186 1848 383 1926 praestatet
405 1863 425 1906 a
446 1845 534 1907 tenui
558 1863 654 1908 causa
676 1844 779 1925 magis
802 1843 866 1908 iota
888 1850 1049 1907 movetur.

109 1979 158 2025 431
187 1958 272 2039 quod
295 1977 396 2039 genus
420 1963 487 2035 est,
504 1957 624 2023 somnis
647 1957 742 2041 sopiti
764 1958 815 2021 ubi
841 1956 999 2022 ceruimus
1023 1956 1088 2020 alte

186 2073 316 2136 exalare
338 2091 490 2154 vaporem
515 2072 631 2136 altaria
653 2072 800 2153 ferreque
823 2071 963 2135 fumum.

111 2208 162 2254 434
186 2206 270 2250 nunc
289 2184 386 2267 igitur
408 2187 558 2267 quoniam
584 2187 741 2268 quassatis
764 2186 905 2266 undique
928 2183 1015 2249 vasis

185 2298 333 2365 diffluere
356 2319 497 2363 umorem
521 2307 552 2366 et
574 2302 700 2366 laticem
723 2299 888 2365 discedere
913 2299 1035 2382 seinis,

187 2420 219 2480 et
240 2414 359 2479 nebula
381 2433 419 2478 ac
442 2413 548 2480 fumus
571 2417 720 2497 quoniam
745 2414 880 2479 discedit
902 2413 934 2476 iu
957 2431 1072 2494 auras,

188 2528 282 2594 crede
305 2529 445 2592 animum
469 2549 595 2610 quoquo
619 2527 754 2592 diffundi
776 2527 941 2608 multoque
964 2526 1070 2609 perire

189 2643 276 2707 ocius
300 2647 331 2707 et
352 2643 442 2707 citius
464 2643 597 2707 dissolvi
619 2644 651 2706 iu
675 2662 810 2725 corpore
832 2641 957 2723 prima,

188 2775 260 2819 cum
283 2758 382 2820 semel
405 2777 444 2820 ox
465 2757 603 2822 hominis
626 2755 776 2819 membris
799 2755 909 2818 ablata
931 2753 1082 2819 recessit:

112 2890 164 2937 440
190 2869 307 2953 quippo
332 2871 448 2935 etenim
471 2891 605 2956 corpus,
623 2869 709 2952 quod
730 2890 787 2934 vas
811 2870 901 2951 quasi
926 2870 1065 2933 constitit
1086 2868 1175 2952 eius,

189 3004 284 3065 quam
306 2984 456 3050 cohibere
477 2985 588 3065 nequit
610 2991 855 3066 conquassatum
880 3004 919 3048 ex
943 2984 1052 3065 aliqua
1072 3003 1106 3048 re

190 3117 229 3163 ac
251 3099 439 3166 rarefactum
463 3098 606 3163 detracto
630 3098 785 3180 sanguine
807 3098 917 3182 venis,

175 3220 262 3296 ,adro
285 3216 338 3295 qui
362 3215 476 3280 credas
498 3232 594 3296 posse
616 3212 701 3276 hanc
722 3211 903 3278 cohiberier·
924 3213 1018 3277 ullo?

188 3345 321 3410 corpore
344 3329 399 3410 qui
421 3336 529 3394 nostro
553 3347 644 3391 rarus
667 3327 768 3410 magis
791 3327 818 3390 is
842 3326 1040 3390 cohibessit?

113 3462 164 3507 445
233 3444 404 3506 Praeterea
426 3441 513 3526 gigni
537 3440 657 3524 pariter
679 3461 749 3504 oum
773 3459 906 3521 corpore
930 3445 961 3502 ct
982 3458 1047 3502 una

190 3573 332 3620 crescere
355 3555 507 3620 sentimus
529 3556 711 3639 pariterque
735 3572 902 3618 senescere
925 3559 1061 3616 mentem
1075 3557 1091 3616 .’

189 3690 264 3733 nam
286 3670 336 3734 vel
361 3675 395 3732 ut
416 3667 538 3734 infirmo
561 3669 652 3753 pueri
674 3675 849 3748 teneroque
871 3651 1028 3751 vagantur

190 3803 343 3868 corporo,
361 3783 406 3848 sic
429 3782 525 3846 animi
550 3785 691 3866 sequitur
713 3783 872 3850 sententis
893 3783 1014 3848 tenvis:

190 3983 199 3991 ιι
219 3983 390 3992 -ψ--ι

194 4116 244 4164 420
263 4115 332 4164 vito.
353 4113 367 4184 Η
391 4118 440 4164 421
462 4129 513 4164 uno
536 4110 548 4180 Η
569 4129 644 4163 nome
668 4112 681 4181 Η
706 4118 756 4165 428
774 4130 835 4164 nam
859 4113 872 4183 Η
897 4117 947 4166 429
966 4099 1081 4164 Prostets
1105 4110 1117 4181 Η
1142 4113 1193 4162 430
1213 4113 1312 4178 Quippe

192 4201 235 4249 ubi
255 4203 410 4265 imaginibus
429 4203 492 4252 sumi
512 4201 668 4262 nebulaeque
686 4210 834 4251 moventur.
868 4201 881 4271 Η
913 4205 962 4250 431
989 4202 1015 4248 iu
1039 4199 1133 4249 somuis
1162 4197 1175 4267 Η
1203 4201 1271 4249 alto.
1297 4199 1310 4269 Η

193 4289 242 4335 432
268 4303 361 4352 vapore
389 4287 403 4358 Η
432 4293 483 4340 433
509 4289 575 4339 Nam
597 4287 687 4351 procul
710 4289 771 4338 haec
796 4290 873 4338 dubio
898 4289 971 4338 nobis
993 4286 1129 4336 simulacra
1151 4297 1272 4349 geruntur
1297 4288 1311 4360 Η

193 4375 242 4424 437
263 4375 360 4427 Credeo
381 4375 394 4446 Η
416 4379 466 4427 438
486 4377 567 4443 Opius
588 4371 601 4444 Η
622 4377 670 4423 441
691 4376 756 4426 Cum
777 4375 789 4445 Η
810 4379 862 4424 444
881 4377 908 4424 in
926 4375 1081 4424 cohibescit.
