3236 5020
340 379 381 444 68
884 375 913 438 ll

336 563 472 628 corpora
493 545 596 629 prima
621 563 770 619 manere,
788 544 885 609 etiarn
908 549 1032 610 secreta
1053 543 1174 627 teporis

336 663 409 723 sunt
431 679 470 723 ao
493 659 621 742 frigoris
645 658 774 722 omnino
799 656 959 738 calidique
981 658 1130 742 vaporis,

261 792 311 839 848
337 779 368 838 et
390 775 495 838 sonitu
518 774 628 838 sterila
652 778 684 838 et
705 791 782 836 suco
804 771 911 836 ieiuna
933 771 1104 854 feruntur,

335 907 395 952 nec
418 889 537 952 iaciunt
560 888 659 950 ullum
678 887 807 970 proprio
831 885 871 949 de
895 903 1028 969 corpore
1052 886 1203 950 odorem.

336 1001 418 1067 sieut
439 1002 611 1066 amaracini
635 1000 786 1065 blandum
809 1005 995 1080 stactaeque
1018 998 1175 1080 liquorem

336 1122 367 1179 et
389 1116 480 1180 nardi
504 1115 764 1198 floren1,neetar
786 1114 840 1195 qui
863 1113 993 1178 naribus
1015 1112 1125 1196 halat,

336 1250 406 1293 curn
429 1230 538 1295 faeere
558 1230 727 1303 instituas,
745 1248 816 1292 curn
838 1228 949 1311 primis
972 1246 1127 1308 quaerere
1148 1247 1211 1311 par
1233 1235 1302 1302 est,

261 1359 311 1409 sse
337 1343 463 1425 quoad
486 1345 561 1408 licet
583 1363 622 1408 ac
643 1343 727 1427 potis
750 1361 784 1408 es
807 1342 967 1426 reperire,
984 1341 1135 1406 inolentis
1159 1341 1233 1406 olivi

336 1465 481 1522 naturam
496 1509 503 1534 ,
520 1459 640 1522 nullam
664 1478 746 1538 quae
768 1457 871 1521 mittat
893 1458 1024 1521 naribus
1046 1477 1182 1540 auram,

335 1592 429 1652 quam
454 1572 582 1646 minime
605 1581 639 1637 ut
661 1573 761 1657 possit
785 1573 900 1636 mixtos
920 1572 953 1635 in
976 1589 1108 1654 corpore
1132 1570 1247 1635 odores

336 1692 567 1767 concoctosque
591 1707 648 1753 suo
672 1693 877 1752 contractans
899 1684 1033 1768 perdere
1056 1685 1145 1768 viro,

335 1808 465 1885 propter
486 1801 620 1866 eandem
642 1823 707 1866 rem
733 1801 850 1866 debent
873 1799 1047 1883 primordia
1069 1818 1174 1863 rerum

259 1934 309 1981 885
335 1936 400 1980 888
422 1916 575 1980 adhibere
598 1937 690 1981 suum
713 1914 889 1998 gignundis
911 1913 1007 1977 rebus
1031 1913 1181 1986 odorem,

335 2047 392 2092 nec
415 2031 572 2109 sonitum,
590 2032 741 2112 quoniam
764 2030 808 2093 nil
831 2029 873 2092 ab
897 2047 931 2092 se
954 2027 1079 2091 mittere
1098 2031 1251 2110 possunt,

334 2161 393 2207 nec
417 2145 509 2208 simili
531 2147 655 2210 ratione
680 2164 828 2227 saporem
853 2142 990 2223 denique
1013 2161 1208 2222 quemquam

334 2276 395 2320 nec
417 2255 518 2342 frigus
542 2280 644 2340 neque
667 2259 743 2322 item
766 2257 905 2322 calidum
927 2256 1135 2340 tepidumque
1158 2275 1330 2338 vaporem,

334 2379 459 2455 cetera3
478 2394 559 2454 quae
583 2395 654 2438 cum
677 2374 723 2435 ita
745 2378 817 2435 sunl
839 2376 945 2434 tamen
967 2377 1002 2434 ut
1023 2371 1169 2434 mortalia
1191 2376 1357 2445 constent,
1397 2441 1400 2447 ,

260 2503 311 2551 888
334 2486 422 2548 molli
446 2488 552 2570 lenta,
570 2487 703 2567 fragosa
726 2486 827 2568 putri,
845 2505 926 2550 cava
948 2506 1080 2570 corpore
1102 2505 1197 2562 raro,

335 2601 442 2664 oninia
465 2603 528 2665 sint
550 2621 571 2664 8
592 2601 756 2684 principiis
779 2601 922 2666 seiuncta
943 2607 1124 2675 necessest,

334 2715 517 2780 inmortalia
541 2715 568 2779 si
588 2716 736 2781 voluimus
759 2715 953 2796 subiungere
977 2718 1072 2782 rebus

334 2827 560 2912 fundamenta,
578 2830 692 2909 quibus
714 2829 833 2898 nitatur
856 2850 980 2894 summa
1002 2830 1135 2911 salutis;

335 2961 376 3006 ne
398 2942 455 3005 tibi
479 2963 530 3007 res
553 2943 687 3008 redeant
709 2942 750 3005 ad
772 2943 871 3006 nilum
893 2944 1034 3008 funditus
1058 2963 1188 3008 omnes.

260 3075 310 3122 ses
378 3057 471 3119 Nunc
492 3076 530 3120 ea
555 3075 636 3136 quae
660 3056 778 3120 sentire
799 3057 943 3122 videmus
966 3077 1100 3138 cumque
1122 3051 1309 3122 necessest

334 3190 375 3233 eu
397 3170 602 3234 insensilibus
625 3176 732 3234 tamen
757 3172 863 3236 omnia
885 3171 1054 3236 confiteare

335 3283 499 3366 principiis
522 3291 688 3350 constare.
705 3306 808 3368 neque
831 3287 863 3349 id
887 3284 1070 3350 manufesta
1092 3283 1234 3348 refutant

335 3416 395 3462 nee
417 3404 527 3462 contra
549 3406 712 3482 pugnant,
728 3401 760 3464 in
783 3405 932 3483 promptu
955 3399 1084 3482 cognita
1106 3417 1188 3479 quae
1211 3404 1304 3481 sunt,
1371 3389 1377 3408 ⁸

335 3510 393 3576 sed
417 3513 519 3592 magis
541 3513 612 3596 ipsa
633 3535 730 3579 manu
753 3515 871 3578 ducunt
892 3520 924 3578 et
947 3513 1080 3578 eredere
1103 3518 1220 3594 cogunt

260 3645 311 3691 870
336 3645 377 3690 ex
399 3625 624 3703 insensilibus,
641 3629 726 3711 quod
750 3629 843 3711 dico,
860 3626 1011 3690 animalia
1033 3625 1142 3708 gigni.

335 3739 453 3823 quippe
475 3739 584 3806 videre
607 3742 682 3806 licet
703 3742 793 3806 vivos
817 3742 953 3806 existere
975 3758 1101 3804 vermes

334 3859 473 3919 stercore
495 3855 534 3919 de
557 3863 679 3931 taetro,
696 3860 840 3937 putorem
864 3872 935 3916 eum
958 3853 1017 3918 sibi
1040 3861 1133 3920 nacta
1156 3860 1205 3920 est

335 3967 566 4052 intempestivis
589 3991 628 4033 ex
650 3967 804 4031 imbribus
827 3965 934 4032 umida
956 3968 1070 4052 tellus3

336 4235 386 4283 845
406 4243 483 4283 etuna
502 4229 515 4297 Η
536 4232 586 4280 846
605 4233 735 4295 proprium
755 4229 768 4302 Η
788 4235 839 4284 850
859 4235 933 4298 Quod
958 4234 971 4306 Η
995 4238 1077 4302 possis
1097 4233 1110 4304 Η
1131 4237 1181 4285 853
1201 4241 1344 4286 connectas
1368 4229 1382 4302 Η
1405 4235 1457 4284 854

336 4336 388 4372 rem
407 4320 546 4368 omissum.
568 4313 581 4386 Η
602 4320 652 4367 860
671 4320 763 4368 ΜοΙΙί8
782 4317 795 4392 Η
816 4324 865 4370 867
886 4325 1025 4374 consistere
1045 4322 1057 4392 Η
1078 4329 1211 4386 reputant.
1232 4318 1247 4389 Η
1267 4324 1317 4369 872
1338 4321 1423 4370 inacta
