3240 5010
136 550 327 635 corripiunt
350 550 456 615 divum
479 550 622 634 percussi
646 550 786 615 membra
807 549 938 632 timore,

16 754 17 757 Ἴ
136 665 264 748 nequid
289 665 336 730 ob
358 666 534 732 admissum
553 663 648 730 foede
671 664 829 729 dictumve
850 665 989 748 superbe

63 799 120 846 rnna
135 799 332 864 poenarum
355 798 455 860 grave
477 782 518 846 sit
540 779 683 846 solvendi
706 785 831 864 tempus
854 779 1024 844 adultum?

136 915 271 959 summa
297 895 395 960 etiam
418 915 489 960 cum
512 895 560 962 vis
582 895 713 960 violenti
735 913 793 978 per
815 911 904 958 mare
926 895 1013 960 venti

134 1009 412 1094 induperatorem
435 1009 548 1075 classis
571 1027 667 1092 super
689 1027 831 1089 aequora
853 1009 950 1073 verrit

137 1143 214 1188 cum
238 1123 365 1189 validis
386 1125 504 1208 pariter
526 1123 707 1208 legionibus
730 1129 828 1205 atque
851 1123 1049 1210 elephantis,

136 1259 206 1304 nou
233 1237 351 1303 divom
372 1257 484 1323 pacem
507 1241 590 1304 votis
612 1238 740 1304 aditae
762 1257 858 1322 prece
881 1239 1009 1319 quaesit

61 1372 120 1418 reso
138 1352 344 1440 [ventorum
366 1353 502 1438 pavidus
524 1374 621 1440 paces
644 1353 832 1435 animasque
856 1352 1056 1440 secundas]‚

135 1489 179 1534 ne
205 1469 389 1552 quiquam,
407 1470 556 1550 quoniam
578 1468 719 1534 violento
741 1469 868 1534 turbine
892 1487 990 1553 saepe

140 1590 320 1668 correptus
343 1583 408 1650 nilo
432 1583 531 1650 lertur
553 1583 718 1648 minusad
742 1584 825 1646 vada
848 1583 930 1648 leti?

140 1719 254 1782 usque
281 1699 364 1764 adeo
388 1719 439 1765 res
462 1700 617 1764 humanas
639 1699 688 1764 vis
711 1698 820 1762 abdita
844 1698 1002 1780 quaedam

140 1815 291 1900 opterit,
308 1820 339 1880 ct
361 1813 513 1899 pulchros
536 1813 633 1879 lascis
655 1833 834 1898 saevasque
857 1833 985 1878 secures

67 1945 126 1994 meo
142 1931 342 2014 proculcare
365 1950 403 1993 ac
426 1928 562 1994 ludibrio
587 1930 649 1996 sibi
671 1931 792 1995 habere
814 1928 959 1994 videtur.

144 2044 297 2128 denique
320 2045 379 2109 sub
403 2044 538 2128 pedibus
561 2044 656 2110 tellus
680 2065 750 2110 cum
775 2051 843 2109 tota
866 2045 996 2110 vacillat

145 2179 398 2242 concussaeque
421 2159 539 2225 cadunt
560 2160 657 2223 urbes
679 2158 858 2240 dubiaeque
881 2159 1059 2243 minantur,

147 2277 232 2358 quid
256 2275 389 2360 mirum,
407 2276 435 2339 si
457 2294 492 2341 se
515 2279 660 2338 temnunt
683 2275 828 2338 mortalia
850 2273 960 2339 saecla

146 2401 251 2474 atque
275 2391 445 2476 potestatis
468 2408 605 2470 magnas
628 2390 790 2470 mirasque
813 2389 975 2470 relinqunt

72 2505 183 2570 larcin
209 2508 311 2572 rebus
332 2506 410 2571 viris
433 2505 560 2587 divum,
578 2521 662 2585 quae
686 2509 799 2568 cuncta
820 2503 1026 2587 gubernent?

187 2621 289 2700 Quod
313 2641 410 2706 super
434 2627 573 2704 estpaes
596 2624 691 2701 atque
714 2637 824 2682 aurum
847 2617 1029 2700 ferrumque
1052 2624 1243 2703 repertumst

13 2699 15 2740 ¹
149 2745 182 2802 et
205 2737 306 2804 simul
330 2737 452 2819 argenti
474 2733 600 2820 pondus
622 2733 807 2818 plumbique
830 2737 993 2818 potestas,

13 2749 17 2918 Η
148 2854 243 2938 ignis
264 2852 319 2916 ubi
342 2851 481 2936 ingentis
504 2850 604 2916 silvas
626 2848 742 2914 ardore
764 2853 921 2915 cremarat

149 2968 320 3036 montibus
341 2968 373 3032 in
396 2967 542 3049 magnis,
559 2949 617 3032 seu
639 2967 727 3032 caelo
751 2965 882 3030 fulmine
905 2965 1024 3050 misso,

75 3099 135 3151 rnen
153 3086 229 3152 sive
252 3083 337 3166 quod
360 3084 440 3148 inter
462 3103 496 3148 se
518 3083 639 3150 bellum
663 3082 809 3148 silvestre
831 3088 980 3164 gerentes

151 3198 304 3268 hostibus
325 3174 496 3264 intulerant
517 3200 622 3282 ignem
646 3198 823 3264 formidinis
847 3217 943 3281 ergo,

155 3317 227 3382 sive
251 3312 336 3396 quod
358 3313 476 3380 inducti
499 3319 603 3380 terrae
626 3315 767 3380 bonitate
789 3314 941 3378 volebant

157 3430 304 3516 pandere
327 3450 423 3514 agros
445 3429 572 3512 pinguis
595 3433 626 3490 et
647 3447 767 3510 pascua
788 3426 926 3492 reddere
949 3446 1043 3504 rura,

159 3547 229 3614 sive
252 3544 340 3610 ieras
361 3542 539 3609 interlicere
562 3547 592 3605 et
614 3540 771 3605 ditescere
793 3540 934 3623 praeda:

79 3675 144 3728 1250
161 3682 237 3728 nam
260 3660 355 3726 fovea
377 3666 473 3742 atque
495 3657 563 3739 igni
585 3654 674 3740 prius
696 3663 744 3720 est
765 3654 913 3720 venarier
935 3659 1038 3720 ortum

163 3798 261 3861 quam
283 3776 410 3862 saepire
432 3774 538 3860 plagis
562 3773 677 3838 saltum
700 3770 896 3852 canibusque
920 3771 1023 3834 ciere.

163 3893 319 3976 quidquid
340 3892 374 3956 id
397 3896 464 3973 est,
483 3908 545 3971 qua
568 3907 702 3970 cumque
725 3905 743 3952 e
766 3905 866 3950 causa
886 3884 1053 3950 flammeus
1075 3884 1171 3949 ardor

14 2934 16 3012 l

169 4197 237 4246 1224
256 4194 364 4258 Nequod
379 4191 392 4264 Η
409 4195 474 4244 1225
489 4191 641 4240 adauctum.
663 4186 676 4257 Η
698 4192 764 4240 1226
778 4189 880 4240 Summe
901 4187 913 4258 Η
935 4191 1002 4239 1229
1015 4204 1031 4237 a
1044 4184 1057 4254 Η
1078 4189 1143 4237 1232
1157 4187 1258 4249 aquade
1272 4186 1286 4255 Η

169 4285 236 4333 1236
256 4283 296 4332 sui
320 4280 333 4349 Η
360 4285 426 4334 1241
447 4289 484 4334 est
502 4295 582 4346 aeque
607 4279 619 4348 Η
646 4280 713 4330 1248
731 4278 814 4344 gentis
839 4276 852 4346 Η
874 4280 941 4330 1248
960 4275 1068 4342 panguis
1088 4271 1102 4346 Η
1125 4278 1190 4326 1252
1211 4275 1288 4340 Quic-

168 4371 230 4436 quid
