3266 4994
714 378 760 441 111

172 552 322 617 omnibus
345 571 417 616 esse
440 551 536 632 igitur
558 553 642 614 totas
664 548 806 613 dicemus
829 548 947 614 inillis

95 687 147 735 666
173 666 341 751 particulis
364 666 517 730 animas?
535 670 568 728 at
590 683 629 728 ea
650 664 775 728 ratione
797 667 947 745 sequetur

174 801 271 845 unam
294 781 488 845 animantem
513 780 638 844 animas
660 778 811 842 habuisse
833 777 866 841 in
888 796 1021 861 corporo
1044 778 1181 843 multas.
1273 757 1288 774 “

174 917 250 976 ergo
275 896 408 960 divisast
430 915 470 960 ea
493 914 577 978 quae
599 893 659 958 fuit
681 913 746 957 una
768 892 865 956 simul
886 913 957 956 cum

174 1031 308 1094 corpore
321 1034 329 1089 ;
344 1031 408 1092 qua
430 1014 560 1093 propter
583 1008 717 1072 mortale
739 1013 907 1089 utrumque
928 1008 1156 1091 putandumst,

174 1125 207 1188 in
230 1125 347 1188 multas
370 1123 522 1205 quoniam
544 1123 644 1206 partis
668 1121 833 1187 disciditur
855 1140 976 1204 aeque.

97 1264 151 1309 666
220 1241 391 1303 Praeterea
414 1236 440 1302 si
463 1237 639 1302 inmortalis
662 1242 779 1300 natura
802 1236 922 1300 animai

176 1359 302 1419 constat
324 1359 355 1416 et
375 1352 408 1416 in
431 1371 546 1436 corpus
569 1349 773 1416 nascentibus
794 1351 993 1434 insinuatur,

176 1488 231 1533 our
253 1473 444 1552 superante
466 1472 568 1530 actam
592 1471 729 1530 aetatem
753 1465 934 1530 meminisse
960 1467 1147 1550 nequimus,

177 1603 236 1647 nec
258 1581 396 1666 vestigia
418 1586 580 1664 gestarum
602 1600 706 1644 rerum
730 1579 798 1642 ulla
820 1582 996 1645 tenemus?

2 1679 3 1682 Ἴ
70 1757 88 1776 μ
174 1717 248 1762 nam
274 1697 301 1761 si
323 1702 411 1762 tanto
435 1701 563 1780 operest
585 1694 683 1759 animi
705 1700 828 1758 mutata
850 1699 1012 1777 potestas,

102 1833 152 1880 666
177 1811 280 1876 omnis
302 1817 337 1876 ut
358 1816 501 1875 actarum
525 1809 679 1874 exciderit
700 1807 869 1872 retinentia
891 1828 1016 1887 rerum,

177 1947 240 1991 non
253 1977 261 2004 ‚
276 1933 310 1990 ut
333 1925 466 2011 opinor,
482 1924 517 1988 id
539 1945 559 1988 a
581 1924 645 1988 loto
668 1925 732 1987 iam
756 1924 893 2007 longiter
916 1931 1023 2008 errat3

178 2061 242 2124 qua
263 2047 394 2126 propter
415 2039 539 2104 fateare
561 2046 725 2104 necessest
746 2059 829 2120 quae
851 2039 911 2103 fuit
932 2046 1006 2104 ante

176 2155 335 2221 interiisse
349 2207 356 2234 ‚
372 2161 404 2220 et
427 2174 509 2236 quae
532 2173 616 2218 nunc
638 2158 687 2218 est
708 2173 794 2218 nuno
814 2172 886 2218 esse
909 2159 1069 2219 creatam.

220 2272 393 2336 Praeterea
415 2268 442 2334 si
465 2270 527 2333 iam
550 2267 694 2352 perfecto
718 2288 853 2351 corpore
875 2269 968 2334 nobis

101 2407 153 2455 660
177 2384 288 2450 inferri
311 2384 439 2450 solitast
461 2383 560 2447 animi
580 2383 688 2448 vivata
710 2387 853 2466 potestas

177 2507 243 2565 tum
266 2521 337 2565 cum
359 2498 521 2582 gignimur
543 2503 574 2561 et
595 2496 682 2561 vitae
705 2517 776 2560 oum
798 2497 895 2561 limen
917 2491 1083 2582 inimcos

177 2614 265 2680 baud
283 2616 329 2679 ita
351 2611 561 2679 conveniebat
583 2610 628 2673 nti
651 2630 721 2673 cum
745 2631 879 2694 corpore
903 2619 934 2675 ct
955 2633 1021 2677 una

179 2753 250 2797 cum
272 2729 422 2795 membris
444 2725 592 2791 videatur
613 2725 646 2790 in
668 2724 738 2808 ipso
762 2725 921 2806 sanguine
944 2745 1071 2810 cresse,

178 2846 236 2912 sed
259 2846 309 2910 vel
332 2850 367 2908 ut
388 2844 422 2907 in
446 2859 547 2906 cavea
570 2859 686 2925 66666
709 2840 771 2906 sibi
792 2839 902 2906 vivere
926 2840 1028 2905 solam

102 2986 153 3034 685
181 2959 348 3043 convenit,
366 2964 402 3022 ut
424 2976 520 3023 sensu
542 2975 657 3040 corpus
680 2961 788 3021 tamen
810 2961 920 3020 arceat
942 2975 1056 3022 omne.

103 3100 155 3148 666
182 3076 267 3160 quod
288 3075 357 3139 fieri
378 3078 479 3137 totum
502 3075 612 3134 contra
634 3071 805 3136 manifesta
827 3070 920 3136 docet
942 3090 1015 3136 res:

179 3208 319 3271 namquo
341 3189 386 3254 ita
410 3206 533 3253 conexa
557 3190 606 3252 est
627 3206 685 3271 per
707 3205 806 3251 venas
828 3186 955 3252 viscera
976 3205 1094 3252 nervos
1122 3249 1126 3260 ,

180 3322 338 3386 ossaque,
354 3303 398 3366 uti
422 3300 535 3365 dentes
558 3320 685 3384 quoque
708 3279 805 3366 sensu
826 3300 1076 3385 participentur,

180 3437 307 3484 morsus
329 3423 363 3481 ut
384 3415 525 3500 indicat,
542 3421 574 3481 ct
595 3413 714 3499 gelidai
738 3415 878 3496 stringor
900 3413 1015 3496 aquai,

183 3539 214 3598 et
233 3533 319 3616 lapis
342 3550 514 3616 expressus
537 3530 667 3595 subiens
690 3548 708 3594 6
729 3528 877 3609 frugibus
897 3547 1011 3611 asper.

106 3675 157 3721 666
182 3669 283 3731 quare
306 3652 403 3718 etiam
426 3655 522 3730 atque
544 3645 642 3711 etiam
665 3662 770 3725 neque
794 3643 927 3727 originis
949 3662 1020 3710 csse
1042 3645 1248 3727 putandumst

185 3767 324 3852 expertis
347 3765 473 3830 animas
495 3779 555 3826 nec
576 3759 631 3826 leti
653 3759 727 3841 iege
750 3758 892 3824 solutas:

183 3900 258 3946 nam
280 3897 386 3962 neque
407 3881 498 3942 tanto
521 3893 618 3960 opere
641 3873 767 3939 adnecti
789 3874 930 3957 potuisse
952 3873 1162 3958 putandumst

184 3995 369 4079 corporibus
391 3991 510 4058 nostris
531 3991 727 4056 extrinsecus
748 3989 950 4071 insinuatas,

189 4171 239 4218 665
259 4169 357 4218 animas
375 4167 432 4218 bic.
459 4161 473 4234 11
498 4167 549 4215 674
568 4177 645 4227 opere
664 4162 767 4212 animist
791 4160 804 4230 Η
829 4165 879 4210 676
899 4162 930 4211 ab
956 4156 969 4230 ΙΙ
995 4161 1096 4224 longius
1123 4155 1136 4225 Η
1165 4159 1215 4206 680
1234 4157 1311 4206 solita

189 4257 292 4306 animist
318 4251 331 4322 ΙΙ
358 4256 408 4305 685
428 4254 507 4304 afluat
530 4246 543 4318 ΙΙ
571 4251 618 4299 691
640 4248 737 4300 viscera
753 4264 798 4312 per
816 4263 892 4301 venas
917 4251 929 4320 11
958 4251 1007 4305 695
1027 4247 1131 4298 Morbus
1156 4239 1168 4312 11
1193 4259 1274 4309 aque.
1295 4239 1308 4322 d

190 4345 241 4393 694
260 4358 392 4412 oppressus
410 4341 500 4395 subitis
