3236 5020
355 369 565 468 52'
901 397 933 463 n

353 567 520 651 sanguinis
542 567 695 653 expirans
717 565 856 632 calidum
879 566 920 634 de
942 572 1072 652 pectore
1094 566 1232 633 fiumen:

277 701 327 749 355
353 687 387 746 at
408 688 512 747 mater
533 681 644 748 viridis
665 683 768 748 saltus
792 681 906 746 orbata
929 699 1107 764 peragrans
1155 701 1161 708 ·

352 795 457 860 noscit
478 796 562 859 humi
586 795 722 880 pedibus
745 795 880 876 vestigia
902 814 1016 878 pressa
1038 795 1190 872 bisulcis,

356 908 464 973 omnia
486 909 655 975 convisens
678 910 779 976 oculis
803 911 894 987 loca,
910 911 936 974 si
960 916 1057 990 queat
1079 929 1216 990 nsquam

355 1022 540 1106 conspicere
564 1023 715 1089 amissum
738 1023 858 1105 fetum,
876 1022 1076 1106 completque
1098 1023 1250 1103 querellis

352 1136 560 1203 frondiferum
583 1157 697 1203 nemus
720 1137 905 1213 adsiduos,
922 1141 953 1200 et
975 1138 1086 1202 crebra
1108 1137 1219 1201 revisit

278 1271 328 1317 acc
353 1250 394 1314 ad
417 1251 597 1327 stabulum,
614 1249 773 1317 desiderio
796 1251 918 1336 perfixa
940 1249 1086 1334 iuvenci,

352 1383 411 1429 nec
432 1368 562 1429 tenerae
585 1363 701 1431 salices
724 1372 819 1448 atque
842 1365 960 1430 herbae
981 1384 1054 1430 rore
1076 1366 1222 1446 vigentes

351 1477 545 1559 fluminaque
567 1479 624 1543 illa
645 1485 764 1561 queunt
786 1480 916 1544 summis
938 1479 1081 1543 labentia
1104 1479 1181 1563 ripis

353 1593 516 1657 oblectare
538 1595 678 1658 animum
701 1595 891 1675 solitamque
913 1600 1058 1658 avertere
1082 1613 1211 1669 curam,

352 1726 414 1771 nec
435 1707 605 1772 vitulorum
628 1708 710 1772 aliae
734 1709 858 1793 species
880 1728 937 1791 per
958 1706 1080 1792 pabula
1102 1707 1187 1770 laeta

278 1838 331 1887 365
353 1821 500 1886 derivare
525 1829 642 1903 queunt
664 1824 804 1888 animum
827 1841 967 1904 curaque
990 1822 1118 1886 levare:

352 1935 555 2016 usqueadeo
579 1937 729 2019 quiddam
753 1937 916 2021 proprium
939 1940 1111 2015 notumque
1134 1936 1283 2015 requirit.

353 2056 522 2133 praeterea
544 2053 653 2117 teneri.
668 2051 810 2116 tremulis
833 2071 904 2114 cum
922 2048 1054 2113 vocibus
1077 2048 1171 2114 haedi

352 2166 538 2246 cornigeras
560 2175 677 2232 norunt
699 2171 835 2247 metrae,
852 2164 991 2248 agnique
1013 2163 1131 2246 petulci

351 2279 516 2343 balantum
538 2280 699 2364 pecudes:
716 2281 781 2361 ita,
798 2278 884 2361 quod
906 2281 1023 2342 natura
1044 2277 1206 2361 reposcit,

277 2412 328 2460 cro
353 2395 476 2459 adsue
500 2397 635 2477 quisque
658 2394 727 2457 fere
750 2391 921 2457 decurrunt
940 2391 1040 2455 ubera
1058 2391 1170 2456 lactis.

352 2515 512 2592 postremo
537 2509 680 2589 quodvis'
695 2507 885 2571 frumentum
908 2509 1099 2570 nontamen
1127 2525 1231 2616 omne

352 2623 469 2705 quique
492 2642 550 2687 suo
573 2641 690 2705 genere
712 2622 793 2686 inter
815 2640 851 2685 se
874 2620 976 2684 simile
999 2639 1070 2685 esse
1092 2620 1240 2703 ridebis,
1295 2634 1308 2716 Ἰ

353 2737 428 2817 quin
451 2736 639 2800 intercurrat
661 2735 821 2817 quaedam
844 2734 997 2801 distantia
1020 2734 1149 2799 formis.

353 2851 611 2930 concharumque
634 2869 736 2931 genus
759 2850 853 2933 parili
876 2852 997 2914 ratione
1019 2848 1164 2914 fidemus

246 3019 249 3024 .
277 2985 327 3032 erc
352 2965 487 3048 pingere
510 2962 633 3028 telluris
652 2964 829 3046 gremium,
847 2985 912 3046 qua
932 2964 1083 3029 mollibus
1105 2961 1200 3026 undis

350 3079 451 3142 litoris
473 3077 594 3141 incurvi
618 3078 760 3142 bibulam
784 3079 872 3161 pavit
894 3099 1016 3159 aequor
1038 3076 1212 3142 herenam.

353 3211 452 3273 quare
475 3191 573 3257 etiam
595 3198 692 3273 atque
715 3194 810 3258 etiam
832 3193 928 3258 simili
950 3193 1074 3257 ratione
1096 3194 1279 3272 necessest,

351 3313 467 3370 natura
490 3307 642 3387 quoniam
665 3315 811 3372 constant
833 3326 937 3387 neque
959 3305 1045 3370 facta
1067 3324 1166 3369 manu
1190 3309 1262 3368 sunt

353 3421 446 3485 unius
468 3420 512 3484 ad
534 3429 652 3486 certam
674 3420 811 3487 formam
832 3419 1007 3505 primordia
1029 3439 1155 3500 rerum,

276 3553 327 3602 esc
353 3534 501 3600 dissimili
522 3536 603 3601 inter
626 3558 660 3602 se
684 3536 843 3618 quaedam
865 3534 999 3599 volitare
1023 3532 1147 3615 figura.

394 3650 550 3715 Perfacile
572 3657 620 3716 cst
641 3651 697 3715 tali
723 3651 844 3715 ratione
867 3647 1033 3713 exsolvere
1055 3644 1147 3709 nobis

352 3784 450 3845 quare
472 3765 642 3830 fulmineus
664 3765 763 3827 multo
787 3761 984 3846 penetralior
1005 3761 1090 3842 ignis

352 3898 448 3960 quam
470 3885 578 3946 noster
598 3877 667 3942 fuat
689 3897 707 3942 e
729 3875 831 3940 taedis
852 3873 1054 3938 terrestribus
1076 3879 1182 3939 ortus:

354 4061 554 4070 u————-

353 4181 404 4229 354
423 4179 544 4228 callidum
562 4172 577 4245 Η
597 4178 647 4226 353
666 4175 781 4237 Nonquit
801 4172 814 4243 Η
835 4177 884 4226 359
903 4176 1025 4229 edsittens
1047 4185 1072 4228 et
1093 4174 1180 4226 revisit
1203 4171 1308 4223 crebra.
1329 4170 1342 4241 Η
1363 4173 1414 4223 333
1433 4189 1475 4224 su·

352 4265 481 4326 bitamque
501 4261 514 4333 Η
535 4266 584 4312 371
603 4262 719 4328 quodviis
739 4261 752 4334 Η
773 4265 822 4313 372
848 4265 964 4331 Quidque
984 4263 997 4336 Η
1018 4268 1066 4314 381
1087 4261 1166 4312 animi
1186 4259 1200 4332 Η
1221 4263 1271 4310 382
1291 4261 1366 4325 igne.
1388 4261 1401 4330 Η
1423 4264 1473 4312 333

353 4351 416 4405 fluct
