3266 4994
697 366 755 428 IIII

82 553 134 600 545
161 537 192 596 et
215 533 306 617 cycni
329 536 420 598 tortis
442 534 640 599 convallibus
664 555 704 598 ex
727 535 889 604 Heliconis

159 667 231 712 cum
254 647 407 729 liquidam
431 649 546 714 tollunt
566 650 693 731 lugubri
715 670 793 714 voce
816 653 1010 731 querellam.

199 763 304 828 Hasce
326 762 422 846 igitur
444 764 570 847 penitus
593 784 689 830 voces
712 784 781 829 cum
806 785 938 849 corpore
960 741 1068 835 nostro

161 877 366 960 exprimimus
390 883 540 960 rectoque
562 878 651 944 foras
674 879 844 944 emittimus
868 901 944 959 ore,

159 992 285 1056 mobilis
308 992 457 1056 articulat
477 991 646 1056 verborum
669 992 809 1058 daedala
832 995 965 1076 lingua,

81 1127 134 1173 555
159 1104 399 1189 formaturaque
420 1107 583 1184 labrorum
605 1127 663 1190 pro
686 1114 777 1191 parte
799 1109 935 1189 figurat.

83 1243 135 1289 555
159 1221 221 1285 hoc
244 1221 297 1285 ubi
320 1242 385 1286 non
407 1222 536 1313 longum
561 1222 727 1306 spatiumst
750 1223 833 1287 unde
856 1244 921 1288 una
942 1227 1085 1309 proseuta

158 1337 324 1420 perveniat
344 1356 407 1400 ror
430 1355 597 1419 quaeque,
615 1342 780 1402 necessest
801 1338 900 1402 verba
925 1360 1051 1422 quoque
1074 1343 1145 1428 ipsa

80 1471 133 1518 555
158 1451 256 1534 plane
280 1449 423 1514 exaudiri
447 1451 647 1533 discernique
669 1451 878 1516 articulatim:

159 1569 266 1629 servat
288 1565 371 1627 euim
394 1565 601 1629 formaturam
624 1572 796 1647 servatque
818 1567 973 1649 liguram.

158 1678 240 1743 atsi
262 1678 343 1742 inter
363 1680 501 1762 positum
526 1680 663 1763 spatium
687 1681 729 1746 sit
750 1681 878 1764 longius
901 1703 1025 1765 aequo,

158 1801 235 1858 a'e'ra
257 1795 464 1876 permultum
489 1794 640 1859 confirndi
662 1795 763 1860 verba
787 1803 948 1862 necessest

158 1913 189 1973 et
212 1908 391 1972 conturbari
415 1929 547 1991 vocem,
564 1909 638 1973 dum
662 1911 838 1975 transvolat
860 1932 978 1976 auras.

79 2045 132 2092 555
158 2043 234 2106 ergo
258 2021 311 2107 iit,
329 2023 465 2088 sonitum
487 2032 521 2089 ut
543 2025 647 2108 possis
670 2025 808 2108 sentire,
825 2046 928 2108 neque
951 2027 1041 2092 illam

154 2137 390 2221 internoscere,
407 2139 578 2204 verborum
601 2140 759 2204 sententia
782 2159 864 2220 quae
887 2141 945 2206 sit:
1021 2224 1022 2227 Ἴ

156 2270 255 2331 usque
278 2250 359 2316 adeo
383 2252 516 2318 confusa
537 2253 624 2317 venit
645 2273 708 2318 vox
731 2254 827 2336 inque
848 2256 977 2338 pedita.

155 2371 325 2450 praeterea
348 2367 479 2431 verbum
502 2387 601 2452 saepe
624 2389 721 2432 unum
744 2369 866 2453 perciet
887 2372 973 2437 auris

154 2480 301 2545 omnibus
323 2481 355 2544 in
380 2481 519 2564 populo,
536 2481 667 2544 missum
689 2482 858 2563 praeconis
880 2484 921 2546 ab
945 2505 1020 2550 ore.

77 2615 129 2662 555
155 2593 186 2658 15
211 2596 326 2659 multas
347 2595 443 2678 igitur
465 2613 560 2658 voces
582 2614 646 2658 vox
669 2613 733 2657 unu
756 2602 888 2678 repente

154 2709 299 2792 diffugit,
315 2709 349 2771 in
371 2710 478 2791 privas
501 2707 652 2789 quoniam
675 2727 710 2772 55
734 2708 847 2773 dividit
869 2712 975 2789 auris,

153 2824 329 2906 obsignans
351 2822 484 2886 formam
506 2823 594 2886 verbi
618 2823 802 2905 clarumque
825 2843 994 2892 sonorem.

154 2947 188 3004 at
210 2956 294 3019 quae
317 2957 393 3020 pars
415 2947 528 3002 vocum
551 2956 615 3001 non
638 2937 724 3002 auris
746 2937 858 3004 inuidit
879 2940 987 3027 ipsas,

154 3053 367 3136 praeterlata
390 3050 472 3134 perit
493 3050 609 3116 frustra
632 3051 748 3116 diffusa
770 3073 828 3137 per
850 3074 967 3120 aurase

76 3190 129 3236 aro
154 3187 248 3252 pars,
266 3167 377 3232 solidis
401 3167 524 3250 adlisa,
541 3165 621 3231 locis
644 3168 765 3232 reiecta
789 3189 937 3234 sonorem

154 3281 258 3345 reddit
280 3287 312 3347 55
334 3282 415 3346 inter
437 3283 511 3345 dum
532 3281 701 3346 frustratur
723 3282 862 3366 imagine
884 3287 993 3350 verbi.

157 3415 237 3476 quae
259 3397 341 3461 bene
364 3416 433 3460 eum
455 3397 586 3479 videas,
602 3394 758 3458 rationem
782 3395 918 3462 reddere
942 3401 1047 3481 possis

155 3513 221 3574 tute
243 3511 298 3574 tibi
321 3517 416 3592 atque
441 3509 534 3594 aliis,
552 3530 614 3591 quo
637 3513 732 3591 pacto
756 3529 813 3592 per
835 3510 909 3575 loca
931 3511 1001 3575 sola

156 3645 235 3688 saxa
256 3626 342 3709 paris
364 3626 486 3689 formas
508 3625 678 3690 verborum
701 3641 741 3687 ex
764 3622 874 3716 ordine
898 3625 1053 3711 reddant,

75 3759 128 3807 575
154 3739 293 3823 palantis
316 3739 447 3804 comites
470 3758 539 3802 com
561 3737 676 3804 montis
698 3738 782 3826 inter
805 3759 925 3823 opacos

155 3855 338 3935 quaerimus
362 3859 392 3918 et
413 3873 532 3933 magna
555 3853 721 3937 dispersos
744 3873 821 3918 voce
845 3854 984 3921 ciemus.

154 3987 214 4033 sex
237 3968 334 4032 etiam
351 3974 413 4032 555
434 3973 555 4050 septem
579 3967 650 4031 loca
672 3967 737 4032 vidi
760 3968 896 4036 reddere
918 3993 1033 4056 vocer,

157 4244 208 4292 555
227 4242 259 4292 Et
270 4242 360 4291 validis
372 4243 439 4292 necti
451 4243 524 4292 tortis
538 4257 569 4291 ex
590 4238 603 4310 ll
623 4242 673 4290 548
693 4241 816 4289 mittimus
836 4239 849 4308 Η
869 4245 919 4292 549
939 4257 1072 4293 nervorum
1092 4241 1105 4309 ΙΙ
1127 4245 1176 4292 553
1197 4244 1243 4294 1115
1263 4241 1276 4314 ΙΙ

158 4331 207 4378 567
227 4329 308 4379 verbis
329 4324 342 4396 Η
362 4330 497 4396 570'lopis
517 4329 530 4396 ΙΙ
553 4331 602 4378 576
623 4343 727 4390 magnas
748 4324 760 4395 ΙΙ
782 4330 831 4376 577
852 4329 935 4378 videre
955 4330 1032 4378 odore
1049 4329 1135 4378 vocis.
