3236 5020
359 398 401 462 38
913 389 929 452 Ι

362 563 422 625 nec
445 561 611 642 quisquam
634 559 723 624 loeus
746 565 814 635 est,
832 580 894 640 quo
918 579 1053 644 corpora
1076 581 1146 625 corn
1169 566 1343 644 venerunt,

362 675 514 760 ponderis
537 675 655 739 amissa
677 674 709 739 vi
730 673 854 757 possint
877 679 962 738 stare
985 674 1018 737 in
1040 675 1148 738 inani:

364 810 422 855 nec
445 789 530 870 qnod
553 789 650 853 inane
673 795 780 853 autem
802 796 850 853 est
872 787 929 851 ulti
952 787 1123 855 subsistere
1148 789 1262 865 debet,

281 926 348 972 1080
365 905 460 984 quin,
477 923 537 968 000
560 903 645 982 quod
667 909 781 967 natura
804 903 902 986 petit,
920 903 1095 968 concedere
1118 911 1252 986 pergat.

365 1019 449 1082 baud
472 1017 568 1099 igitur
589 1022 725 1098 possunt
747 1016 803 1079 tali
826 1017 948 1082 ratione
972 1018 1073 1081 teneri

364 1151 415 1196 res
438 1133 470 1196 in
494 1131 662 1195 concilium
685 1131 782 1193 rnedii
807 1129 987 1214 cuppedine
1009 1139 1139 1195 vectae.

407 1239 579 1310 Praeterea
602 1246 752 1325 quoniam
775 1264 840 1308 non
864 1245 971 1308 omnia
993 1264 1129 1328 corpora
1150 1245 1273 1329 tingunt

364 1361 398 1423 in
420 1358 559 1424 mediurn
583 1359 659 1442 niti,
677 1357 735 1423 sed
756 1364 910 1423 terrarum
935 1367 1031 1440 atque
1054 1361 1207 1442 liquoris,

283 1498 348 1546 1000
367 1483 398 1540 01
420 1474 512 1555 quasi
535 1479 661 1537 terreno
685 1493 766 1553 quae
789 1491 922 1555 corpore
946 1473 1183 1550 contineantur,

365 1608 506 1653 umorem
528 1587 617 1670 ponti
640 1607 836 1669 niagnasque
860 1607 877 1649 e
899 1587 1061 1652 ruentibus
1084 1590 1207 1672 undas,

366 1710 398 1767 at
421 1699 529 1766 contra
551 1702 654 1765 tenuis
676 1708 838 1782 exponunt
860 1702 942 1764 aeris
965 1721 1062 1766 auras

365 1823 397 1881 et
419 1813 540 1880 calidos
564 1815 657 1877 simul
680 1835 700 1878 a
723 1813 826 1878 rnedio
850 1814 1004 1879 differrier
1029 1814 1133 1899 iguis,

306 1946 308 1951 ·
365 1927 555 2020 0100οΙ0100
577 1933 677 2016 toturn
701 1929 817 1992 circum
840 1935 974 1993 tremere
997 1930 1129 1992 aethera
1151 1929 1252 2012 signis

284 2066 350 2112 1090
368 2051 400 2108 et
421 2043 499 2108 solis
521 2042 681 2106 flammam
703 2062 761 2124 per
784 2043 867 2106 caeli
890 2041 1018 2106 0000010
1041 2044 1149 2124 pasci,

366 2157 451 2239 quod
475 2155 563 2220 00100
584 2177 604 2218 0
626 2154 730 2220 medio
754 2155 882 2236 fugiens
905 2176 940 2220 00
962 2157 1007 2220 ibi
1030 2141 1171 2239 conligat
1193 2161 1316 2238 omnis,

366 2291 424 2334 nec
446 2290 588 2353 prorsum
612 2269 777 2334 arboribus
801 2289 941 2334 suminus
962 2270 1166 2336 frondescere
1189 2294 1296 2339 ramos

366 2403 481 2468 posse,
502 2386 562 2449 nisi
586 2405 605 2447 a
627 2384 720 2449 terris
742 2384 896 2466 paulatim
920 2385 1034 2465 cuique
1057 2386 1194 2450 cibatum

367 3438 410 3482 ne
430 3416 553 3481 volucri
577 3414 635 3478 ritu
659 3415 855 3483 flammarum
879 3424 1004 3487 moenia
1026 3422 1136 3486 mundi
1228 3472 1230 3477 .

370 3532 540 3612 diffugiant
562 3530 665 3609 subito
689 3553 839 3616 magnum
862 3538 1038 3618 perinane
1062 3536 1186 3619 soluta,

371 3653 401 3710 et
422 3666 462 3710 00
486 3653 591 3711 001000
614 3647 770 3711 consimili
792 3652 918 3715 ratione
941 3657 1135 3732 sequantur,

287 3783 352 3827 1105
369 3780 450 3825 neve
474 3770 566 3826 ruant
588 3767 669 3829 caeli
691 3764 871 3848 penetralia
892 3765 1010 3846 templa
1033 3785 1170 3847 superne

280 3884 284 3892 '
368 3883 514 3957 terraque
538 3899 572 3942 00
595 3879 730 3961 pedibus
753 3879 868 3961 raptim
892 3878 1049 3942 subducat
1071 3886 1102 3943 et
1125 3881 1232 3946 omnia

369 3990 449 4054 inter
470 3994 642 4072 permixtas
665 4012 769 4055 rerum
793 3990 937 4072 caelique
960 3993 1071 4058 ruinas

369 4155 568 4162 ᾖ-

372 4261 437 4306 1071
458 4273 548 4306 00000.
570 4255 585 4324 tt
606 4260 671 4306 1018
690 4258 718 4305 in
736 4260 874 4310 cariosam.
896 4260 908 4328 11
931 4263 1114 4312 1082010000.
1136 4259 1150 4331 Η
1172 4265 1237 4312 1091
1258 4263 1306 4312 sibi
1328 4260 1341 4331 Η
1368 4265 1486 4313 110010-

371 4345 479 4394 netralia
500 4343 512 4411 11
529 4343 600 4393 Ι1100
622 4343 720 4392 omnis.
