3266 4994
348 355 407 418 166
644 448 650 459 ·
892 346 920 412 V

270 541 321 587 aro
346 519 495 584 materies
515 517 635 582 umoris
657 521 689 582 et
711 515 753 580 ad
775 485 871 600 caput
893 516 1040 584 amnibus
1062 516 1166 582 omnis

347 632 512 716 convenit,
528 631 604 696 imle
626 650 722 713 super
743 635 844 694 terras
865 629 934 694 luit
955 630 1082 713 agmine
1105 630 1188 696 dulci
1253 613 1259 624 ’

346 765 411 829 qua
432 744 485 809 via
506 751 595 810 scota
617 745 716 810 semel
738 744 858 826 liquido
881 744 965 828 pede
989 743 1101 808 detulit
1122 743 1246 810 undas.

386 862 469 924 A'e‘ra
490 880 574 924 nuuc
595 858 691 942 igitur
714 857 840 941 dicam,
858 858 911 940 qui
934 878 1068 942 corporo
1090 860 1157 922 toto

346 973 622 1041 innumerabiliter
643 971 751 1055 privas
776 975 914 1036 mutatur
936 972 970 1036 in
991 972 1109 1038 horas.

271 1107 322 1155 275
348 1107 473 1171 semper
495 1086 599 1162 eninr,
618 1084 703 1168 quod
726 1104 860 1166 cumque
881 1085 949 1150 fluit
971 1087 1010 1151 dc
1033 1086 1128 1151 rebus
1141 1135 1148 1162 ‚
1163 1084 1196 1148 id
1220 1105 1313 1150 omna

348 1199 432 1266 atris
454 1200 489 1263 in
511 1218 662 1282 magnum
685 1197 785 1262 fertur
808 1219 895 1264 mare
909 1223 917 1276 ;
933 1200 987 1281 qui
1009 1200 1070 1266 nisi
1093 1205 1203 1263 contra

346 1335 480 1396 corpora
503 1312 658 1376 retribuat
679 1312 775 1378 rebus
799 1320 981 1395 recreetque
1003 1313 1150 1390 fluentis,

346 1428 454 1492 omnia
474 1427 539 1490 iarn
562 1426 704 1490 resoluta
725 1426 830 1491 forent
853 1433 884 1492 ct
906 1428 940 1491 in
962 1436 1039 1493 abra
1061 1447 1173 1492 versa:

346 1540 424 1605 bant
447 1540 541 1623 igitur
563 1546 670 1604 cessat
692 1541 779 1624 gigni
803 1541 844 1606 de
867 1541 963 1606 rebus
985 1548 1016 1605 et
1038 1543 1071 1606 iu
1093 1561 1145 1606 res

272 1675 323 1722 aso
348 1654 530 1737 renuidem,
547 1653 682 1719 adsidue
706 1656 856 1736 qnoniam
880 1655 980 1722 liuere
1004 1657 1111 1728 omnia
1133 1660 1276 1720 constat.

387 1770 510 1851 Largus
531 1769 606 1832 item
629 1769 742 1851 liquidi
766 1769 838 1836 lons
862 1753 1010 1852 luminis,
1027 1770 1188 1836 aetherius
1211 1769 1280 1853 sol,

348 1882 467 1964 inrigat
489 1881 625 1948 adsidue
649 1884 775 1949 caelum
798 1885 939 1950 candore
962 1885 1081 1949 recenti

351 1997 598 2082 suppeditatque
620 2019 702 2064 novo
726 1999 894 2064 confestim
916 1998 1034 2062 lumine
1058 1998 1183 2063 lumen.

348 2133 422 2176 narn
445 2111 580 2196 primunr
604 2111 755 2194 quicquid
777 2110 913 2196 fulgoris
936 2112 1070 2196 disperit
1092 2112 1142 2189 ci,

276 2246 327 2293 aaa
354 2245 417 2307 quo
441 2246 575 2308 cumque
598 2226 733 2292 accidit.
750 2227 783 2290 id
805 2227 879 2291 licet
900 2225 974 2290 hinc
996 2245 1190 2309 cognoscere
1213 2228 1338 2310 possis,

346 2340 431 2422 quod
454 2339 549 2405 simul
572 2361 612 2405 ac
634 2341 772 2425 primum
795 2341 897 2405 nubes
921 2338 1093 2405 succedere
1116 2340 1176 2405 soli

348 2474 482 2538 coepere
506 2461 538 2520 ct
560 2455 668 2520 radios
690 2455 774 2520 inter
797 2455 889 2537 qnasi
911 2435 1058 2538 rumpere
1081 2454 1180 2539 lucis,

348 2570 507 2653 extemplo
530 2569 659 2634 inferior
681 2592 757 2655 pars
782 2571 892 2634 horum
915 2570 1050 2655 disperit
1072 2571 1195 2655 omnis,
1246 2609 1249 2614 -
1336 2565 1346 2574 ’

344 2689 493 2764 terraque
514 2684 711 2749 inumbratur
734 2706 798 2768 qna
820 2684 919 2748 nimbi
943 2704 1078 2766 cumque
1099 2684 1262 2768 feruntnr;

272 2817 322 2866 eoo
349 2805 383 2861 nt
404 2817 519 2864 noscas
542 2798 713 2883 splendore
736 2820 819 2865 novo
844 2818 893 2865 res
917 2819 1042 2882 semper
1065 2818 1181 2883 egere,

345 2917 377 2978 et
398 2913 533 2995 primum
556 2914 671 2978 iactum
694 2914 831 2998 fulgoris
854 2933 1011 2995 quemque
1033 2913 1159 2997 perire,

347 3025 552 3090 nec‘ratione
576 3027 641 3089 alia
663 3047 715 3091 res
738 3047 833 3112 posse
856 3028 888 3092 in
911 3030 978 3094 sole
1000 3028 1125 3111 videri,

346 3143 499 3224 perpetuo
523 3138 556 3202 ni
579 3140 761 3223 suppeditet
782 3142 863 3207 lucis
885 3149 981 3228 caput
1004 3144 1129 3226 ipsum.

347 3253 422 3336 quin
446 3252 541 3318 etiarn
563 3260 718 3318 nocturna
741 3256 817 3334 tibi,
834 3259 997 3323 terrestria
1019 3277 1100 3339 quae
1123 3257 1215 3340 sunt,

272 3389 322 3436 aaa
347 3368 488 3444 lumina,
505 3365 681 3452 pendentes
703 3368 812 3454 lychni
835 3372 1007 3454 claraeque
1030 3373 1168 3438 coruscis

347 3481 526 3565 fulguribus
549 3482 685 3566 pingues
708 3485 809 3549 multa
832 3486 970 3569 caligine
992 3486 1107 3552 tacdae

347 3595 504 3661 consimili
526 3605 698 3680 properant
719 3600 862 3683 ratione,
881 3600 998 3666 ardore
1020 3601 1184 3683 ministro,

346 3709 550 3796 suppeditare
573 3732 688 3776 novom
711 3713 837 3790 lumen,
853 3720 988 3778 tremere
1010 3713 1138 3797 ignibus
1161 3712 1299 3790 instant,
1365 3741 1381 3756 =

347 3823 490 3903 instant,
506 3844 565 3890 nec
586 3826 660 3890 loca
682 3827 736 3890 lux
758 3828 839 3892 inter
862 3828 955 3908 quasi
978 3834 1072 3911 rupta
1094 3828 1264 3910 relinquit:

271 3955 321 4004 aoo
346 3939 552 4019 usqueadeo
575 3945 785 4025 properanter
807 3939 849 4003 ab
874 3941 1020 4006 omnibus
1041 3941 1169 4028 ignibus
1192 3941 1222 4006 ei

346 4114 546 4121 ———..

348 4215 398 4260 ’272
417 4215 492 4263 semel
510 4223 578 4262 secta
596 4213 672 4261 semel
692 4209 706 4278 ΙΙ
726 4216 776 4262 274
796 4231 869 4263 orus.
896 4212 908 4283 ll
936 4218 986 4264 '282
1006 4217 1121 4280 regenti.
1146 4213 1158 4282 Η
1184 4218 1235 4266 '288
1254 4215 1359 4282 clieperis
1385 4213 1398 4283 ΙΙ
1420 4217 1469 4266 291

348 4299 383 4350 Ut
403 4297 416 4365 tl
438 4303 487 4352 293
506 4299 639 4366 suppedite
661 4295 674 4366 ΙΙ
694 4303 744 4350 295
764 4301 851 4366 lyclini
872 4301 886 4370 Η
907 4306 956 4353 297
976 4305 1107 4372 proterant
