3266 4994
690 392 746 455 IIII

194 559 292 646 [illud
315 561 390 626 item
413 583 476 625 non
500 567 549 628 est
570 561 772 638 mirandum,
788 564 930 645 corporis
952 564 1024 646 ipsa

154 674 242 756 quod
264 681 378 739 natura
401 676 503 740 cibum
527 677 653 758 quaerit
674 676 828 758 cuiusque
851 677 1039 743 animantis.

81 814 131 861 350
156 790 276 876 quippe
300 791 416 857 etenim
438 791 538 856 fluere
562 797 658 874 atque
679 792 829 856 recedere
855 812 989 876 corpora
1010 794 1105 859 rebus

154 909 255 972 nrulta
276 909 380 974 modis
402 907 508 970 multis
532 907 644 985 docui,
660 907 718 973 sed
742 907 878 990 plurima
900 906 1020 971 debent
1047 913 1049 917 '

155 1043 194 1088 ex
218 1022 419 1102 animalibu’;
437 1042 518 1105 quac
542 1023 617 1105 quia
640 1029 713 1089 sunt
736 1022 877 1088 exercita
900 1028 1006 1104 motu,

76 1159 130 1206 864
155 1137 256 1202 multa
277 1157 336 1221 per
359 1159 395 1203 os
417 1138 625 1215 exhalantur,
643 1160 712 1203 cum
735 1139 892 1224 languida
915 1136 1088 1221 anhelant,

78 1274 130 1320 scs
154 1254 316 1335 multaque
339 1273 395 1336 per
417 1255 565 1318 sudorem
589 1275 629 1320 ex
652 1255 716 1318 alto
740 1273 851 1337 pressa
873 1252 1038 1317 feruntur.

75 1389 129 1434 scu
155 1367 205 1432 bis
227 1367 323 1450 igitur
343 1367 439 1431 rebus
461 1369 594 1434 rarescit
616 1388 731 1452 corpus
754 1373 785 1431 et
808 1366 916 1432 omnis

155 1480 316 1546 subruitur
338 1487 473 1565 natura3
490 1483 582 1547 dolor
604 1502 699 1564 quam
723 1483 927 1564 consequitur
948 1499 1035 1544 rem.

153 1602 327 1679 propterea
350 1596 474 1679 eapitur
497 1597 606 1680 cibus,
624 1603 659 1661 ut
679 1595 840 1660 suffulciat
861 1602 949 1659 artus

154 1715 186 1774 et
208 1715 330 1800 recreet
350 1710 434 1775 vires
455 1710 537 1775 inter
560 1710 672 1787 datus,
690 1717 786 1792 atque
809 1716 968 1793 patentem

152 1844 210 1906 per
230 1827 373 1890 membra
396 1846 436 1890 ao
456 1847 557 1891 venas
580 1833 613 1891 ut
635 1846 774 1891 aurorem
798 1832 924 1909 opturet
946 1823 1080 1888 edendi.

71 1959 128 2004 oro
154 1959 246 2003 umor
265 1941 339 2005 item
362 1941 498 2007 discedit
519 1942 553 2006 in
575 1943 683 2008 omnia
706 1961 789 2024 quae
812 1941 885 2006 loca
908 1959 1042 2022 cumque

153 2062 289 2138 poscunt
310 2076 472 2122 umorem:
489 2059 730 2140 glomerataque
751 2058 852 2121 multa
872 2056 1003 2140 vaporis

153 2189 309 2255 corpora,
327 2193 410 2256 quae
432 2173 596 2239 stomacho
619 2175 773 2258 praebent
794 2171 942 2237 incendia
965 2176 1094 2245 nostro,

154 2283 300 2369 dissupat
322 2287 500 2352 adveniens
521 2289 625 2370 liquor
648 2308 687 2353 ac
708 2286 875 2368 restinguit
887 2284 930 2349 *ut
952 2284 1077 2368 ignem,

152 2419 244 2465 urere
266 2421 307 2466 ne
329 2401 431 2485 possit
452 2402 540 2466 calor
562 2403 699 2485 amplius
723 2402 832 2466 aridus
843 2405 961 2464 artus.
1065 2435 1068 2440 ·

74 2533 127 2579 sse
155 2513 319 2596 sicigitur
341 2515 398 2580 tibi
421 2515 540 2580 anhela
561 2516 630 2580 sitis
652 2517 692 2579 de
715 2533 846 2596 corpore
868 2519 977 2577 nostro
1051 2545 1056 2554 ·

155 2627 314 2712 abluitur,
332 2630 378 2714 sic
401 2630 547 2713 expletur
567 2629 677 2693 ieiuna
700 2627 814 2710 cupido
828 2626 854 2714 ‚l

192 2741 286 2806 Nunc
309 2743 363 2824 qui
385 2743 441 2807 fiat
462 2743 508 2806 uti
531 2763 647 2826 passus
668 2741 813 2826 proferre
826 2759 1009 2844 'queamus,

153 2874 225 2918 curn
248 2856 415 2933 volumus,
431 2857 582 2938 varieque
606 2857 714 2923 datum
738 2855 780 2921 sit
801 2855 945 2919 membra
968 2873 1114 2936 mouere,

153 2975 186 3034 et
208 2989 292 3051 quae
314 2991 366 3036 res
387 2977 509 3036 tantum
532 2973 593 3038 hoc
615 2973 720 3038 oneris
741 2969 928 3056 protrudere
949 2969 1048 3046 nostri

70 3106 125 3153 seo
154 3084 299 3168 corporis
321 3085 473 3163 insuerit,
490 3087 612 3152 dicam:
630 3093 665 3152 tu
687 3079 816 3184 percipe
839 3085 943 3149 dicta.

152 3196 225 3262 dico
247 3199 352 3266 anirno
375 3207 485 3266 nostro
508 3202 643 3286 primum
666 3202 840 3267 simulacra
861 3198 988 3264 meandi

153 3312 297 3377 accidere
320 3319 416 3396 atque
439 3314 579 3380 animum
604 3316 755 3399 pulsare,
772 3322 807 3380 nt
829 3313 966 3378 diximus
989 3317 1082 3374 ante.

154 3423 225 3491 inde
246 3428 393 3494 voluntas
414 3431 468 3494 tit:
484 3449 588 3511 neque
611 3430 694 3494 enim
718 3427 824 3490 facere
847 3424 958 3508 incipit
978 3423 1077 3486 ullam

154 3556 218 3602 rem
241 3541 428 3626 quisquam,
447 3564 543 3627 quam
566 3563 658 3608 mens
681 3541 819 3626 providit
841 3539 916 3621 quid
940 3537 1017 3601 velit
1039 3542 1133 3600 aute.

72 3670 126 3716 sss
153 3650 187 3712 id
210 3655 295 3732 quod
317 3658 482 3742 providet,
499 3659 586 3723 illius
609 3658 656 3722 rei
678 3660 803 3721 constat
823 3654 952 3734 imago.
1033 3693 1035 3698 ·

151 3785 229 3847 ergo
253 3771 377 3835 animus
401 3792 472 3835 cum
495 3792 566 3837 sese
587 3772 634 3837 ita
656 3773 835 3836 commovet
857 3773 892 3831 ut
913 3767 990 3832 velit
1012 3767 1056 3832 ire

150 3879 248 3961 inque
269 3883 380 3964 gredi,
397 3883 470 3947 ferit
492 3887 650 3969 externplo
675 3904 756 3967 quae
778 3884 810 3948 in
834 3903 966 3967 corpore
988 3887 1075 3958 toto,

150 4011 210 4077 per
232 3998 375 4061 membra
397 4002 494 4078 atque
517 4004 624 4080 artus,
640 3999 760 4065 animai
783 3999 895 4064 dissita
917 3997 965 4062 vis
988 4004 1055 4062 est:
1154 3995 1163 4012 '

152 4273 203 4322 862
224 4287 288 4333 quae
306 4274 443 4324 ambrum.
465 4272 478 4341 ΙΙ
501 4275 551 4322 876
572 4273 657 4322 ieluna
677 4271 690 4339 Η
714 4275 763 4323 877
783 4275 827 4324 ilat
847 4271 860 4342 ll
881 4259 1001 4336 quemus.
1023 4269 1036 4339 Η
1060 4274 1111 4321 878
1129 4287 1237 4334 uereque
1257 4274 1271 4344 Η

153 4361 204 4407 879
225 4361 311 4408 enoris
329 4357 342 4426 ΙΙ
364 4362 414 4408 884
433 4377 508 4422 qnam
527 4361 667 4411 omissum.
688 4358 701 4426 ll
722 4363 772 4410 885
791 4371 906 4411 constare
928 4359 940 4428 Η
961 4363 1011 4410 886
1031 4359 1086 4421 Ego
