3236 5020
356 388 398 454 32
909 385 926 448 Ι

355 554 436 620 seire
458 553 533 618 lieet
554 573 616 616 uon
639 571 712 618 esse
734 553 767 616 iu
790 553 886 618 rebus
908 573 960 617 res
982 553 1025 616 ita
1048 553 1185 636 mixtas,

281 690 331 737 999
356 687 465 734 verum
491 667 611 732 semina
634 667 828 732 multimodis
850 667 984 732 inmixta
1007 668 1107 731 latere

354 783 522 849 multarum
546 802 648 846 rerum
671 781 705 846 in
728 783 823 846 rebus
846 781 1026 847 communia
1049 779 1187 846 debent.

395 892 452 961 ‘At
473 916 572 981 saepe
594 896 626 959 in
651 896 775 978 magnis
798 895 831 960 fit
854 891 1026 962 montibus'
1053 895 1159 977 inquis
1178 889 1227 958 ‘ut
1248 895 1322 960 altis

355 1011 521 1077 arboribus
544 1010 649 1076 vicina
672 1011 839 1076 cacumina
861 1030 985 1076 summa
1005 1015 1148 1074 terantur

355 1128 436 1192 inter
458 1145 513 1200 se,
536 1125 652 1190 validis
674 1123 782 1190 facere
806 1124 839 1188 id
862 1124 1048 1208 cogentibus
1071 1125 1206 1206 austris,

225 1245 229 1253 ’
281 1263 331 1309 999
356 1242 457 1306 donec
479 1239 622 1305 flammai
644 1239 802 1304 fulserunt
824 1239 902 1305 llore
925 1245 1034 1304 coorto
1047 1233 1063 1302 .'

356 1355 497 1432 scilicet,
521 1360 552 1420 et
574 1374 639 1419 non
661 1361 710 1419 est
732 1353 826 1438 lignis
849 1359 955 1418 tamen
979 1351 1093 1418 insitus
1114 1351 1220 1432 iguis,

355 1490 463 1535 verum
487 1469 609 1534 semina
631 1475 706 1533 suut
727 1467 852 1533 ardoris
874 1467 994 1544 multa,
1019 1468 1151 1532 terendo

356 1604 438 1667 quae
462 1603 532 1647 cnm
555 1581 756 1666 confluxere,
780 1589 890 1648 creant
911 1581 1061 1647 incendia
1083 1581 1195 1646 silvis:

357 1699 444 1782 quod
466 1697 494 1762 si
515 1697 601 1762 facta
624 1696 706 1761 foret
728 1697 819 1762 silvis
842 1697 1031 1762 abscondita
1053 1695 1201 1778 flamma,

282 1834 330 1879 999
356 1833 421 1877 999
444 1817 575 1895 possent
597 1811 696 1876 ullum
719 1819 843 1895 tempus
866 1811 1000 1876 celarier
1022 1811 1134 1892 ignes,

356 1927 546 1993 conficerent
567 1928 663 2010 volgo
685 1927 803 2004 silvas,
827 1927 959 1992 arbusta
982 1930 1178 1990 cremarent.

356 2042 461 2106 iamne
483 2042 574 2106 vides
598 2042 712 2125 igitur,
737 2042 833 2126 paulo
857 2039 942 2122 quod
966 2039 1104 2103 diximus
1130 2045 1224 2122 aute,

356 2156 521 2239 permagni
544 2155 663 2220 referre
686 2154 799 2221 eadem
823 2153 996 2237 primordia
1019 2171 1120 2237 saepe

357 2289 426 2336 eum
451 2269 566 2352 quibus
589 2276 621 2334 99
642 2269 730 2350 quali
751 2269 897 2353 positura
920 2269 1141 2333 contineantur

283 2405 333 2452 aro
359 2392 389 2449 99
413 2404 491 2465 quos
514 2385 596 2448 inter
619 2404 654 2449 se
679 2384 757 2449 dent
778 2391 883 2449 motus
905 2383 1146 2467 accipiantque,

250 2489 252 2495 ’
358 2507 455 2581 atque
478 2499 591 2564 eadem
614 2499 710 2582 paulo
734 2499 816 2563 inter
838 2519 873 2564 se
896 2504 1017 2562 mutata
1037 2515 1146 2562 creare

358 2615 450 2695 ignes
473 2620 505 2680 99
526 2614 675 2696 lignum?
699 2633 763 2700 quo
785 2621 879 2697 pacto
903 2613 1000 2678 verba
1022 2631 1148 2695 quoquc
1173 2612 1243 2694 ipsa

357 2730 439 2792 inter
462 2748 496 2792 se
518 2728 617 2811 paulo
641 2728 766 2792 mutatis
789 2735 864 2793 sunt
886 2725 1071 2804 elementis,

359 2862 428 2905 cum
452 2841 539 2924 ligna
562 2849 655 2924 atque
678 2845 770 2932 ignes
793 2843 943 2908 distincta
966 2861 1044 2908 voce
1068 2847 1233 2906 notemus.

284 2977 333 3022 ero
360 2955 496 3036 <lenique
519 2957 582 3018 iam
607 2976 689 3038 quae
711 2976 845 3038 eumque
867 2957 899 3020 in
922 2958 1016 3021 rebus
1039 2958 1142 3022 cernis
1165 2955 1286 3039 aperti's

360 3070 387 3132 si
410 3069 477 3134 lieri
500 3091 564 3135 non
586 3091 683 3154 posse
706 3079 819 3155 putas,
844 3071 919 3154 quin
944 3071 1087 3138 materiai

360 3204 495 3266 corpora
517 3185 674 3250 consimili
697 3193 808 3251 natura
831 3188 977 3272 praedita
999 3186 1123 3267 fingas,

358 3300 420 3362 bac
442 3299 567 3364 ratione
589 3301 644 3364 tibi
668 3308 801 3386 pereunt
822 3301 997 3385 primordia
1024 3320 1148 3364 rerum:

358 3414 410 3477 liet
433 3412 477 3476 uti
501 3414 565 3478 risu
587 3416 721 3480 tremulo
744 3437 900 3483 concussa
923 3413 1116 3480 cachinnent
1161 3457 1164 3464 ·

285 3547 335 3594 999
361 3532 393 3591 99
413 3527 552 3592 lacrimis
575 3531 668 3596 salsis
692 3536 851 3596 umectent
872 3551 929 3594 ora
951 3544 1136 3609 genasque.

402 3645 492 3706 Nunc
516 3663 596 3724 age,
622 3646 706 3726 quod
730 3666 826 3729 super
849 3650 897 3707 est
920 3657 1078 3720 cognosce
1103 3644 1134 3702 et
1156 3638 1272 3704 clarius
1293 3643 1387 3706 audi.

359 3777 418 3821 neo
442 3776 490 3820 me
514 3758 609 3822 animi
633 3758 716 3822 fallit
740 3777 833 3838 quam
857 3756 921 3819 siut
943 3753 1100 3817 obscura:
1124 3754 1181 3818 sed
1205 3756 1270 3820 acri
1361 3736 1364 3742 ¹

360 3871 515 3954 percussit
536 3870 645 3954 thyrso
669 3870 775 3934 laudis
798 3888 873 3951 spes
895 3887 1014 3947 inagna
1037 3887 1140 3932 meum
1164 3891 1218 3934 cor

360 3991 393 4050 et
414 3985 507 4049 simul
530 3983 664 4049 incussit
687 4002 813 4047 suavem
837 3982 879 4044 mi
901 3983 934 4045 in
957 3988 1068 4065 pectus
1091 3993 1234 4051 amorem

362 4254 412 4300 900
431 4251 548 4298 flammae
568 4245 581 4315 ll
603 4249 651 4296 906
666 4247 808 4298 (1991199999
828 4247 841 4317 Η
862 4251 912 4298 909
932 4251 1127 4313 contingantur.
1149 4249 1162 4318 ll
1183 4253 1232 4300 919
1252 4266 1265 4298 9
1285 4249 1298 4316 ll
1320 4253 1370 4299 919
1384 4251 1452 4300 Haec
1466 4249 1478 4320 ll

361 4341 410 4386 919
431 4337 542 4386 taeruulo
