3266 4994
348 366 409 430 114
882 363 926 428 111

387 531 534 613 Denique
556 535 643 597 tauto
666 553 761 617 opere
783 533 816 599 in
838 533 943 599 dubiis
966 533 1128 619 trepidare
1149 536 1279 618 perietis

346 664 428 726 quae
451 646 538 710 mala
559 667 618 711 noe
640 647 758 729 subigit
779 648 855 713 vitai
878 654 967 713 tanta
989 648 1133 734 cupido?

344 766 430 828 certa
452 760 580 843 quidem
602 761 673 826 finis
695 763 782 828 vitae
805 764 989 828 mortalibus
1012 765 1139 847 adstat,

345 896 404 940 nee
426 876 561 940 devitari
582 876 679 941 letum
701 883 795 961 pote,
813 879 889 959 quin
913 879 1088 944 obeamus.
1238 867 1242 872 ¹

261 1010 328 1058 1080
344 997 513 1073 praeterea
534 1010 700 1056 vereamur
721 991 838 1056 ibidem
861 997 957 1073 atque
979 993 1121 1058 insumus
1144 1012 1265 1076 usque,

344 1127 404 1172 nee
425 1126 509 1170 nova
529 1105 665 1170 vivendo
687 1105 871 1189 procuditur
892 1107 959 1171 ulla
981 1108 1148 1189 voluptas:

329 1210 399 1287 'sed
424 1220 498 1284 dum
521 1221 615 1284 abest
637 1219 720 1300 quod
743 1239 893 1296 avemus,
909 1220 942 1284 id
966 1241 1161 1305 exsuperare
1184 1222 1308 1287 videtur

344 1343 469 1402 cetera:
485 1339 558 1418 pest
580 1334 678 1410 aliut,
694 1354 764 1397 eum
788 1335 919 1418 contigit
941 1335 1040 1416 iilud,
1057 1354 1209 1412 avemuS,

343 1457 375 1516 et
397 1449 465 1515 sitis
489 1468 593 1529 aequa
616 1453 702 1512 tenet
723 1448 800 1512 vitai
823 1468 949 1532 semper
971 1449 1109 1514 hiantis.

260 1588 326 1634 1085
342 1570 535 1650 posteraque
557 1564 590 1625 in
614 1563 742 1628 dubiost
764 1561 922 1628 fortunam
947 1585 1040 1646 quarn
1064 1563 1161 1628 vehat
1184 1570 1293 1638 uetat,

343 1679 459 1761 quidve
481 1677 565 1740 serat
586 1677 679 1740 nobis
703 1697 795 1742 casus
819 1679 912 1761 quire
935 1679 1038 1743 exitus
1061 1680 1176 1743 instet.

342 1811 403 1856 uee
425 1811 571 1875 prorsum
593 1791 691 1854 vitem
714 1792 860 1857 ducendo
884 1792 1039 1856 demimus
1061 1793 1158 1856 hilum

342 1914 485 1990 tempere
509 1905 549 1970 de
573 1907 683 1970 mortis
706 1927 765 1970 nee
789 1908 933 1971 delibare
955 1907 1120 1989 veterum,

343 2041 404 2102 quo
429 2021 532 2084 minus
555 2040 625 2085 esse
649 2021 703 2084 diu
725 2023 885 2104 possimus
908 2019 991 2084 forte
1013 2021 1189 2104 perempti.

261 2157 327 2204 1090
343 2134 476 2221 proinde
500 2135 573 2198 lieet
596 2142 672 2216 quot
694 2135 741 2199 vis
763 2135 900 2200 vivendo
924 2134 1062 2199 condere
1086 2136 1214 2201 saeua:

343 2271 429 2315 mers
451 2255 583 2313 aeterna
605 2256 712 2313 tamen
735 2249 800 2312 nilo
824 2249 926 2312 minus
949 2249 1007 2313 iliu
1030 2251 1191 2326 manebit,

343 2384 403 2429 nee
425 2364 527 2428 minus
549 2364 604 2428 iile
627 2363 680 2427 diu
705 2362 769 2426 iam
793 2383 858 2426 non
881 2362 960 2446 erit,
978 2382 1017 2428 ex
1042 2363 1197 2429 hodierno

342 2477 463 2542 lumine
486 2477 540 2558 qui
563 2477 656 2540 tinem
679 2476 754 2541 vitei
776 2475 872 2554 feeit,
889 2482 919 2541 et
942 2477 1017 2561 ilie,

343 2591 506 2657 mensibus
529 2597 623 2671 atque
646 2591 739 2655 annis
763 2591 817 2672 qui
839 2592 946 2657 multis
970 2594 1088 2658 eeeidit
1109 2601 1203 2658 ante.

347 2861 413 2907 1078
432 2858 505 2907 Certe
524 2860 640 2920 equidem
661 2855 675 2926 Η
697 2860 763 2906 1084
780 2858 889 2906 hientis.
914 2857 927 2926 Η
954 2864 1019 2910 1085
1040 2861 1142 2909 fortuna
1166 2857 1179 2926 Η
1206 2863 1272 2909 1088
1292 2860 1430 2909 deliberare
1451 2859 1465 2929 Η

347 2950 412 2996 1089
433 2961 564 3008 possumus
