3266 4994
431 1185 479 1265 T.
510 1181 802 1266 LUORETI
834 1181 990 1265 CARI

253 1421 369 1518 DE
415 1419 737 1519 RERUM
782 1419 1159 1522 NATURA

510 1667 654 1751 eleuet
677 1666 902 1744 ouuuuus,

138 2139 229 2254 Quis
252 2183 337 2267 potis
360 2189 408 2248 est
430 2182 560 2263 dignum
581 2182 713 2265 pollenti
737 2188 865 2268 pectore
889 2201 1016 2247 oar-men

138 2298 281 2364 condere
303 2319 360 2381 pro
384 2316 489 2360 rerum
514 2297 679 2363 maiestate
702 2299 814 2380 hisque
837 2297 999 2382 repertis?

138 2414 253 2496 quisve
277 2413 361 2477 valet
383 2411 488 2477 verbis
512 2417 653 2488 tantum,
672 2413 725 2493 qui
750 2413 871 2493 tingere
895 2411 1008 2476 laudes

140 2549 201 2612 pro
225 2525 346 2592 meritis
370 2525 439 2590 eius
461 2526 581 2609 possit,
599 2525 652 2607 qui
675 2524 754 2588 talia
778 2525 869 2589 nobis

102 2660 116 2706 5
140 2649 272 2726 pectore
295 2645 386 2724 parte
408 2659 467 2704 suo
491 2640 699 2721 quaesitaque
721 2639 866 2723 praemia
890 2638 1008 2722 liquit?

139 2777 257 2839 nemo,
273 2761 307 2818 ut
329 2755 462 2838 opinor,
479 2754 538 2818 erit
561 2753 687 2818 mortali
710 2773 844 2837 corpore
867 2759 993 2818 oretus.

141 2889 218 2934 uam
242 2869 289 2947 ei,
306 2875 340 2932 ut
361 2870 434 2953 ipsa
456 2869 535 2952 petit
559 2867 709 2932 maiestas
733 2867 862 2951 cognita
885 2887 1008 2949 rerum,

145 2982 317 3048 dicendum
342 2990 409 3061 est,
426 2983 505 3046 deus
527 2983 581 3046 ille
605 2982 684 3066 fuit,
702 2983 799 3062 deur,
816 2983 933 3067 inelyte
957 2983 1106 3061 Memmi,

145 3099 198 3181 qui
221 3097 371 3182 princeps
394 3097 479 3163 vitae
503 3098 659 3164 rationem
683 3099 803 3164 invenit
824 3118 895 3164 eam
921 3120 1004 3181 quae

90 3233 118 3278 ro
145 3233 229 3278 nuno
251 3214 433 3297 appellatur
456 3213 636 3296 sapientia,
654 3214 772 3295 quique
795 3233 852 3296 per
874 3219 973 3277 artem

142 3328 287 3392 fluetibus
310 3347 328 3392 e
350 3326 446 3392 tantis
470 3327 566 3392 vitam
590 3328 749 3408 tantisque
771 3327 912 3391 tenebris

144 3441 177 3505 in
199 3447 266 3506 tam
288 3441 458 3523 tranquillo
481 3448 513 3506 et
535 3449 600 3505 tam
624 3442 713 3505 clara
735 3441 806 3504 luee
828 3438 966 3502 looavit.

146 3556 255 3621 eonfer
278 3555 362 3620 euim
385 3555 494 3621 divina
517 3555 652 3619 aliorum
675 3555 806 3635 antiqua
827 3557 972 3635 reperta.

145 3689 284 3751 namque
308 3669 406 3736 Ceres
427 3670 529 3736 fertur
551 3667 659 3751 fruges
682 3667 841 3749 Liberque
862 3664 996 3747 liquoris
1076 3693 1081 3700 ’

89 3804 119 3850 ro
144 3783 276 3867 vitigeni
299 3784 428 3849 latioem
451 3785 637 3849 mortalibus
659 3781 855 3863 instituisse3

145 3918 216 3962 oum
239 3902 348 3962 tamen
369 3897 419 3961 his
441 3904 551 3980 posset
573 3898 641 3963 eine
664 3899 759 3963 rebus
781 3896 846 3962 vita
867 3916 1018 3975 manere,

145 4018 179 4076 ut
200 4011 286 4076 fama
309 4017 356 4076 esl-
378 4010 507 4091 aliquus
531 4009 627 4074 etiam
650 4031 733 4076 nuno
755 4012 860 4076 vivere
883 4011 1008 4092 gentis:

146 4123 283 4190 athene
306 4145 369 4189 nou
392 4129 520 4208 poterat
542 4123 610 4188 eine
633 4143 711 4207 puro
734 4130 861 4208 peotore
883 4124 968 4204 vivi;

150 4367 164 4416 2
184 4366 323 4417 maiestatis
341 4375 416 4431 utque
436 4363 450 4438 ΙΙ
471 4369 485 4418 l>
506 4366 620 4434 quaesite
640 4365 653 4434 Η
676 4369 706 4415 12
727 4366 842 4416 vocavit.
865 4362 877 4432 Η
900 4367 931 4412 14
950 4377 1021 4426 geres
