3240 5010
341 407 404 471 226
882 399 927 464 Vl

341 574 444 654 guttai
468 573 522 637 vix
546 573 646 637 instar
669 578 761 638 erunt
782 571 877 636 unius
901 569 1108 654 adaugmen3

265 709 315 756 err>
341 709 403 770 quo
426 689 531 752 minus
554 694 603 753 est
625 688 737 751 mirum
763 707 849 750 marc
873 707 937 751 non
960 705 1135 768 augescere
1157 707 1327 770 maguum.

341 809 510 887 praeterea
533 823 683 883 magnam
708 803 756 866 sol
778 810 900 886 partem
924 801 1062 864 detrahit
1084 809 1195 865 aestu.

341 917 458 1001 quippe
481 917 625 982 videmus
649 917 732 980 euim
756 917 855 983 vestis
878 935 988 980 umore
1011 915 1169 980 madentis

341 1032 504 1097 exsiccare
527 1032 594 1097 suis
617 1031 718 1098 radiis
741 1031 920 1096 ardentibu’
945 1030 1066 1096 solem:

340 1153 374 1212 at
397 1146 514 1229 pelage
538 1148 639 1212 multa
662 1153 693 1212 et
715 1147 779 1212 late
803 1148 965 1211 substrata
988 1145 1155 1211 videmus.

264 1281 314 1328 cao
340 1261 475 1344 proinde
498 1262 573 1326 licet
596 1262 742 1343 quamvis
769 1281 810 1327 ex
833 1263 895 1325 uno
919 1279 1045 1342 quoque
1068 1259 1140 1325 loco
1165 1261 1213 1325 sol

339 1375 458 1440 umoris
481 1397 612 1461 parvam
636 1377 757 1441 delibet
779 1377 820 1441 ab
844 1395 984 1457 aequore
1008 1381 1151 1458 partem:

338 1491 472 1572 largiter
491 1492 525 1554 iu
547 1497 637 1555 tanto
660 1491 764 1575 spatio
787 1496 895 1554 tamen
919 1489 1045 1554 auferet
1066 1489 1181 1554 undis.

338 1611 404 1670 tum
426 1627 523 1690 porro
546 1607 630 1672 venti
655 1625 782 1688 666666
807 1625 957 1686 magnam
980 1603 1092 1668 tollere
1116 1611 1239 1686 partem

337 1722 456 1786 umoris
478 1728 613 1805 possunt
634 1728 799 1786 verrentes
823 1739 986 1803 aequora,
1003 1720 1107 1785 ventis

263 1856 313 1902 eae
339 1856 401 1899 una
424 1842 517 1900 nocte
539 1835 608 1900 vias
632 1837 782 1917 quoniam
806 1853 964 1918 persaepe
986 1834 1130 1898 videmus

338 1948 452 2014 siccari
477 1950 646 2032 mollisque
669 1951 728 2014 luti
751 1967 956 2015 concrescere
980 1953 1125 2012 crustas.

340 2070 507 2149 praeterea
531 2064 626 2128 docui
647 2065 779 2128 multum
802 2081 928 2144 quoquc
952 2061 1062 2124 tollere
1086 2060 1186 2124 nubes

337 2197 478 2243 umorem
503 2198 619 2260 magno
643 2182 830 2261 conceptum
853 2195 893 2242 cn
917 2193 1058 2256 aequore
1081 2174 1192 2256 ponti,

337 2300 368 2357 et
390 2293 509 2375 passim
533 2299 598 2357 toto
622 2300 777 2357 terrarum
800 2310 954 2374 spargere
977 2290 1009 2354 in
1033 2290 1123 2373 orbi,

259 2426 310 2473 636
339 2427 410 2471 666
434 2407 514 2490 pluit
536 2409 567 2472 in
590 2408 683 2472 terris
706 2413 737 2470 et
758 2406 844 2471 venti
868 2405 978 2470 nubila
1000 2411 1147 2487 portant.

336 2529 498 2605 postremo
524 2523 675 2602 quoniam
698 2541 773 2586 raro
798 2541 869 2587 cum
894 2540 1027 2604 corpore
1050 2519 1146 2585 tellus

335 2642 404 2718 est,
422 2643 453 2700 et
477 2637 693 2720 coniunctast,
711 2657 784 2701 oras
807 2636 907 2700 maris
928 2637 1070 2716 undique
1093 2635 1247 2715 cingens,

337 2751 503 2834 debet,·ut
526 2751 558 2822 in
581 2771 668 2815 mare
691 2751 731 2816 de
755 2752 847 2816 terris
870 2751 957 2816 venit
980 2771 1071 2814 umor
1093 2751 1209 2831 aquai,

337 2865 371 2930 in
394 2872 497 2930 terras
520 2867 633 2933 itidem
657 2887 785 2932 manare
810 2886 851 2931 ex
874 2885 1014 2948 aequore
1037 2865 1143 2931 salso:

261 3000 311 3047 636
336 2981 518 3064 percolatur
541 2983 626 3045 enim
649 2983 755 3059 virus,
772 2987 921 3062 retroque
944 2985 1091 3046 remanat

337 3095 490 3159 materies
512 3095 631 3158 umoris
655 3101 685 3158 ct
708 3094 750 3158 ad
769 3101 869 3176 caput
891 3095 1040 3158 amnibus
1062 3093 1166 3157 omnis

336 3207 486 3290 confluit,
503 3207 579 3272 inde
602 3227 699 3291 super
721 3213 825 3272 terras
848 3207 929 3270 redit
952 3206 1081 3289 agmine
1103 3207 1191 3273 dulci

337 3341 401 3404 qua
424 3321 477 3385 via
500 3328 589 3387 secte
611 3323 711 3399 semel
735 3322 857 3404 liquido
881 3321 963 3405 pede
986 3320 1098 3386 detulit
1121 3323 1265 3412 undas]

374 3437 467 3501 Nunc
490 3437 571 3501 ratio
596 3457 679 3519 quac
702 3437 763 3519 sit,
780 3455 839 3520 per
860 3435 973 3500 fauces
997 3438 1111 3502 montis
1134 3444 1169 3504 ut
1191 3442 1314 3506 Aetnae

256 3571 306 3618 646
338 3551 484 3634 expirent
506 3551 598 3635 ignes
621 3553 704 3616 inter
726 3552 802 3616 dum
825 3551 951 3614 turbine
973 3555 1082 3636 tanto,

337 3664 528 3748 expediam:
545 3685 649 3748 66666
673 3667 757 3732 enim
780 3665 933 3732 uredioori
957 3666 1049 3732 clade
1072 3675 1180 3733 coorta

335 3777 484 3843 flammea
505 3788 680 3866 tempestas
703 3781 846 3847 Siculum
868 3784 1034 3848 dominata
1056 3803 1114 3867 per
1137 3803 1233 3865 agros

337 3891 478 3960 finitimis
502 3895 543 3960 ad
566 3915 603 3963 se
626 3897 782 3963 convertit
803 3897 952 3980 gentibus
976 3917 1053 3976 ora,

340 4197 389 4243 616
408 4196 446 4244 sol
465 4213 584 4260 magnam
606 4199 618 4264 Η
640 4201 687 4247 621
710 4199 741 4248 66
762 4197 775 4265 Η
801 4201 852 4248 624
871 4200 956 4250 venti.
983 4199 996 4266 Η
1022 4205 1072 4250 626
1091 4209 1216 4252 cruetras.
1237 4199 1251 4270 Η
1273 4205 1428 4254 cateruis.
1450 4205 1463 4270 Η

341 4283 391 4332 632
414 4283 496 4345 magis
525 4285 538 4350 Η
568 4287 618 4334 638
643 4285 702 4334 tulit
730 4283 743 4353 Η
773 4289 822 4336 639
848 4287 935 4338 leucas
965 4285 979 4356 Η
1007 4291 1054 4338 641
1080 4289 1165 4340 media
1193 4291 1279 4352 grecia
1308 4291 1339 4341 66
1369 4291 1382 4358 Η
1411 4293 1461 4340 642

341 4368 471 4418 Flammae
