3240 5010
346 400 407 464 180
435 389 437 392 ’
889 394 917 455 V

343 566 395 648 qui
418 566 536 629 faciunt
558 565 656 629 solem
681 570 766 628 certa
789 563 962 643 desurgere
985 569 1078 645 parte

340 686 512 764 propterea
534 681 568 744 lit
590 680 634 744 uti
658 679 826 744 videantur
849 677 956 744 dicore
979 697 1109 743 verum.

267 816 316 863 705
383 796 475 860 Luna
496 801 602 878 potest
624 794 701 860 solis
723 792 822 858 radiis
844 812 997 877 percussa
1019 792 1140 874 nitere,

341 905 438 991 inque
461 909 529 974 dies
552 909 655 990 magis
677 909 711 971 id
734 909 839 971 lumen
863 915 1047 972 convertere
1070 907 1165 970 nobis

342 1024 386 1089 ad
409 1024 568 1107 speciem,
586 1029 738 1104 quantum
761 1022 838 1086 solis
861 1020 981 1086 secedit
1003 1021 1044 1085 ab
1067 1021 1155 1096 orbi,

342 1138 480 1220 donique
502 1158 572 1202 eum
597 1143 707 1204 contra
728 1138 824 1220 pleno
847 1137 928 1200 bene
950 1135 1069 1200 lumine
1092 1133 1182 1198 fulsit

224 1337 227 1344 ,
342 1259 438 1336 atque
462 1253 568 1317 oriens
592 1253 697 1316 obitus
719 1253 786 1316 eius
809 1270 903 1334 super
926 1249 1013 1316 edita
1035 1250 1132 1314 vidit:

221 1345 236 1370 l
267 1389 317 1434 vro
341 1367 415 1432 inde
437 1367 616 1431 minutatim
637 1371 722 1431 retro
745 1367 836 1446 quasi
860 1365 996 1430 condere
1018 1365 1127 1430 lumen

341 1481 436 1548 debet
457 1484 551 1566 item,
570 1487 688 1564 quanto
710 1483 841 1565 propius
864 1480 927 1544 ianr
952 1481 1027 1544 solis
1051 1478 1093 1542 ad
1119 1479 1225 1561 ignem

340 1596 457 1660 labitur
480 1616 520 1662 ex
543 1597 608 1661 alia
631 1597 792 1678 signorum
814 1600 905 1679 parte
928 1616 987 1678 per
1008 1595 1138 1676 orbem3

339 1717 373 1774 ut
393 1709 532 1794 faciunt,
549 1712 659 1775 lunam
680 1711 732 1792 qui
756 1711 875 1792 lingunt
898 1730 970 1774 esse
993 1710 1070 1794 pilai

341 1824 538 1888 consimilem
561 1844 735 1906 cursusque
758 1824 843 1888 viam
868 1825 925 1887 sub
950 1826 1019 1889 sole
1041 1831 1172 1889 tenere.

267 1960 316 2004 715
342 1945 390 2002 est
412 1938 507 2002 etiam
530 1959 628 2020 quare
650 1941 780 2023 proprio
804 1959 872 2002 cum
896 1939 1015 2003 lumino
1038 1939 1139 2021 possit

342 2052 463 2117 volvier
487 2059 517 2116 et
539 2053 643 2117 varias
666 2053 847 2137 splendoris
871 2053 1004 2118 reddere
1027 2051 1168 2116 tonnas:

340 2187 454 2250 corpus
477 2169 560 2232 enim
583 2168 657 2232 licet
679 2188 751 2233 esse
774 2167 881 2244 aliud,
899 2167 982 2248 quod
1010 2166 1108 2231 fertur
1132 2172 1164 2230 et
1187 2186 1252 2230 una

340 2284 457 2348 labitur
480 2281 669 2347 omnimodis
693 2302 866 2347 occursans
890 2282 1117 2363 officiensque,

341 2418 400 2463 nec
422 2398 506 2482 potis
529 2402 578 2461 est
600 2396 686 2460 cerni
701 2445 708 2479 ‚
726 2397 800 2477 quia
825 2416 950 2460 cassum
973 2396 1092 2460 lumine
1115 2396 1230 2460 fertur.

267 2532 316 2578 rao
340 2512 526 2594 versarique
548 2516 674 2595 potest,
691 2511 806 2592 globus
827 2517 861 2575 ut
883 2512 922 2575 sit
945 2510 1027 2574 forte
1050 2510 1130 2595 pilai

341 2625 472 2690 dimidia
496 2646 534 2690 ex
557 2627 640 2709 parti
664 2625 813 2690 candenti
836 2626 956 2690 lumine
979 2627 1114 2702 tinctus,

322 2741 561 2822 ‚versandoque
584 2741 713 2823 globum
737 2741 890 2805 variantis
914 2741 1007 2804 edere
1030 2739 1172 2823 formas,

341 2853 480 2936 donique
504 2875 575 2920 eam
600 2862 741 2938 partem,
760 2875 842 2936 quae
865 2874 1001 2936 cumque
1025 2859 1074 2918 est
1097 2853 1226 2938 ignibus
1249 2859 1362 2935 aucta,

341 2968 382 3032 ad
405 2971 544 3052 speciem
568 2969 661 3032 vertit
682 2969 776 3033 nobis
801 2969 973 3050 oculosque
996 2969 1156 3050 patentis:

266 3103 315 3150 725
340 3083 414 3147 inde
436 3083 615 3148 minutatim
640 3086 724 3144 retro
748 3088 935 3162 contorquet
958 3087 989 3144 et
1010 3082 1111 3144 aufert

339 3197 502 3262 luciferam
527 3201 649 3279 partem
673 3194 912 3278 glomeraminis
935 3201 1031 3275 atque
1055 3195 1155 3278 pilai;

341 3318 375 3375 ut
397 3311 596 3394 Babylonica
620 3306 815 3373 Chaldaeum
824 3309 984 3375 »doctrina
1007 3308 1150 3373 refutans

342 3425 575 3522 astrologorum
601 3430 703 3488 artem
726 3426 1043 3490 cont1·a·coovincere
1067 3425 1187 3507 tendit,

339 3540 475 3624 proinde
498 3540 591 3621 quasi
613 3539 645 3602 id
668 3539 735 3603 fieri
759 3546 897 3621 nequeat
920 3540 1005 3622 quod
1030 3545 1155 3624 pugnat
1177 3544 1331 3620 uterque,

266 3673 315 3719 rao
340 3654 519 3717 autminus
543 3653 602 3717 hoc
625 3653 679 3717 illo
703 3653 743 3718 sit
766 3675 821 3718 our
843 3655 1029 3738 amplectier
1052 3653 1160 3717 ausis.

339 3765 477 3848 denique
499 3787 554 3830 cur
576 3773 715 3850 nequeat
738 3787 864 3851 semper
886 3788 970 3832 nova
992 3767 1070 3830 luna
1093 3766 1193 3830 creari

340 3878 452 3944 ordine
475 3879 649 3945 formarum
673 3889 759 3947 certo
784 3881 942 3961 certisque
964 3879 1095 3959 figuris,

337 3993 434 4078 inque
457 3995 525 4060 dies
551 3996 661 4078 privos
684 3993 821 4059 aborisci
845 4012 993 4075 quaeque
1016 4001 1123 4059 creata

341 4269 526 4331 cooperentur
546 4263 559 4334 ll
580 4269 629 4315 706
649 4265 675 4312 id
689 4267 827 4316 omissum.
848 4264 862 4335 ΙΙ
885 4270 933 4317 708
947 4268 1045 4316 benene
1066 4266 1079 4334 ll
1102 4268 1148 4314 711
1171 4273 1222 4314 tem
1244 4262 1256 4333 ΙΙ
1279 4269 1328 4315 713
1348 4267 1431 4330 pilae.
1449 4263 1464 4336 Η

341 4357 389 4401 720
409 4355 429 4401 si
451 4355 464 4420 ll
486 4357 534 4402 727
555 4353 705 4416 babylonisa
728 4351 740 4420 Η
763 4356 813 4402 730
832 4354 878 4402 ilio
