3266 4994
339 389 398 453 116
874 384 938 448 1111

338 555 384 620 sic
406 574 467 638 ego
490 576 594 639 nunc,
612 555 761 638 quoniam
783 555 862 620 haee
884 555 966 620 ratio
989 557 1174 641 plerumque
1196 557 1321 623 videtur

336 670 455 735 tristior
478 689 549 735 esse
573 671 687 752 quibus
710 692 774 735 non
797 675 845 736 est
867 675 1020 748 tractata,
1036 676 1184 754 retroque

281 804 313 851 ao
340 785 453 869 volgus
476 785 626 850 abhorret
648 787 688 850 ab
711 785 793 870 hac,
810 787 895 850 volui
919 785 976 849 tibi
999 785 1235 867 suaviloquenti

338 901 478 965 carmine
499 900 604 964 Pierio
629 901 784 964 rationem
808 919 969 983 exponere
992 905 1153 992 nostram

340 1019 371 1076 et
394 1015 485 1096 qnasi
509 1035 638 1080 musaeo
663 1014 749 1080 dulei
771 1016 954 1095 contingere
977 1014 1072 1078 melle
1085 1038 1093 1094 ;

337 1129 365 1193 si
387 1129 444 1193 tibi
467 1128 549 1194 forte
572 1131 710 1194 animum
732 1130 788 1194 tali
809 1131 935 1194 ratione
958 1135 1067 1193 tenere
1392 1187 1408 1218 ,

336 1243 482 1308 versibus
505 1245 537 1308 in
560 1245 677 1309 nostris
699 1266 846 1328 possem,
864 1248 936 1311 dum
960 1245 1100 1330 percipis
1124 1263 1249 1308 onrnom

280 1376 312 1422 25
338 1363 483 1421 naturam
507 1379 613 1424 rerum
637 1381 673 1423 ac
695 1361 854 1443 persentis
877 1359 1092 1446 utilitatem]

380 1475 482 1553 Atque
505 1473 601 1537 animi
624 1475 773 1554 quoniam
798 1475 890 1541 docui
913 1483 1027 1540 natura
1051 1473 1127 1556 quid
1152 1479 1236 1538 esset

337 1593 368 1652 61
390 1589 505 1668 quibus
529 1608 546 1652 e
568 1590 663 1653 rebus
686 1611 757 1654 oum
781 1611 912 1675 corpore
936 1597 1062 1674 compta
1085 1590 1207 1670 vigeret

339 1722 439 1782 quove
462 1703 556 1768 modo
581 1705 733 1769 distracta
756 1705 874 1770 rediret
895 1706 929 1768 in
954 1705 1045 1768 ordia
1067 1704 1190 1788 prima,

338 1837 421 1881 nunc
443 1837 540 1901 agere
562 1820 711 1903 incipiam
734 1820 812 1901 tibi,
830 1818 916 1900 quod
938 1823 1100 1884 vernenter
1121 1818 1162 1881 ad
1186 1817 1244 1880 has
1267 1837 1318 1882 res

280 1951 313 1997 30
339 1933 468 2016 attinet,
486 1952 558 1998 esse
583 1956 620 1998 ea
643 1934 726 2015 quae
751 1954 854 1997 rerum
877 1933 1051 1996 simulacra
1073 1952 1244 2014 vocanrus;

339 2067 439 2130 quae,
457 2049 548 2129 quasi
571 2050 776 2113 membranae
800 2069 923 2112 summo
948 2047 989 2110 de
1012 2064 1145 2128 corpore
1168 2065 1272 2110 rernm

338 2140 510 2246 dereptae,
528 2165 661 2228 volitant
683 2163 828 2242 ultroque
852 2162 994 2242 citroque
1016 2179 1074 2244 per
1097 2181 1214 2238 auras,

339 2283 433 2356 atque
457 2277 572 2342 eadem
594 2277 687 2341 nobis
710 2276 914 2359 vigilantibus
937 2276 1033 2340 obvia
1056 2281 1179 2340 mentes

337 2390 511 2456 terrificant
533 2397 629 2471 atque
651 2391 683 2453 in
707 2390 847 2469 somnis,
864 2411 934 2454 curn
958 2410 1058 2474 saepe
1080 2390 1200 2473 figuras

280 2525 312 2572 36
339 2506 515 2570 contuimur
539 2506 635 2569 miras
659 2507 892 2588 simulacraque
914 2506 984 2568 luce
1008 2512 1189 2581 carentum,

338 2640 421 2701 quae
444 2640 503 2684 nos
525 2618 673 2684 horrifice
694 2621 877 2701 languentis
899 2639 997 2703 saepe
1020 2638 1134 2704 sopore

340 2736 523 2813 excierunt;
541 2753 580 2800 ne
602 2734 683 2800 sorte
706 2735 829 2799 animas
852 2734 1032 2799 Acherunte
1055 2755 1182 2798 reamur

338 2849 478 2929 effugere
502 2854 557 2912 aut
579 2850 706 2912 umbras
728 2849 810 2914 inter·
833 2849 924 2913 vivos
947 2850 1103 2926 volitare,

338 2983 419 3027 neve
443 2963 563 3043 aliquid
586 2963 686 3027 nostri
709 2971 782 3046 post
803 2972 935 3028 mortem
958 2983 1054 3046 posse
1078 2964 1233 3046 relinqui,

280 3098 313 3142 46
339 3097 411 3140 cunr
434 3096 549 3161 corpus
573 3077 665 3141 simul
689 3084 784 3159 atque
807 3080 901 3142 animi
926 3084 1040 3142 natura
1062 3083 1229 3161 perempta

340 3193 371 3254 in
395 3211 456 3255 sua
478 3192 653 3257 discessum
677 3194 824 3260 dederint
845 3193 1021 3277 primordia
1045 3193 1201 3274 quoique.

384 3306 463 3370 Dico
483 3306 578 3390 igilur
601 3329 703 3372 rerum
726 3309 851 3389 elligias
874 3308 1042 3389 tenuisque
1065 3308 1185 3388 figuras

339 3421 456 3485 mittier
478 3423 519 3486 ab
543 3423 657 3506 rebus,
674 3441 797 3486 summo
821 3422 861 3486 de
885 3440 1017 3505 corpore
1040 3441 1163 3495 rerum,

281 3556 311 3602 51
339 3556 422 3616 quae
446 3539 536 3617 quasi
561 3539 766 3602 rnembranae
789 3537 840 3601 vel
863 3543 972 3601 cortex
996 3534 1264 3618 norninitandast‚

340 3649 424 3731 quod
447 3651 585 3734 speciem
608 3671 647 3715 ac
668 3651 804 3715 formam
827 3649 962 3714 similem
984 3648 1066 3730 gerit
1088 3647 1157 3713 eius
1179 3648 1307 3729 imago,

338 3765 427 3828 euius
451 3785 584 3847 eumque
608 3767 692 3829 eluet
714 3765 755 3828 de
779 3783 913 3846 corpore
936 3762 1008 3826 fusa
1030 3762 1165 3841 vagari.

279 3900 313 3944 44
338 3878 371 3942 id
394 3879 468 3944 11661
491 3879 565 3942 hinc
588 3879 735 3959 quamvis
757 3877 865 3942 hebeti
889 3896 1084 3956 cognoscere
1106 3877 1222 3942 corde.

280 4013 313 4060 54
337 3993 494 4078 principio
519 3991 671 4072 quoniam
692 3991 819 4054 mittunt
840 3990 873 4053 in
895 3991 990 4057 rebus
1014 3993 1132 4076 apertis

341 4262 371 4308 21
393 4256 473 4320 plerio
493 4252 507 4322 Η
527 4258 558 4302 41
579 4269 710 4318 quaeque.
732 4253 745 4323 11
765 4258 798 4304 42
818 4256 925 4322 effugias
944 4256 959 4328 l}
978 4262 1012 4308 43
1032 4259 1125 4308 cortice
1144 4272 1248 4306 eorum.
1269 4255 1282 4323 ll
1306 4259 1461 4306 45-48=

341 4345 523 4404 imm—34.
542 4340 557 4412 Η
577 4346 802 4393 4950329311.
824 4341 837 4412 li
859 4348 888 4394 51
911 4347 960 4408 Qui
982 4345 995 4414 ΙΙ
1016 4349 1049 4395 63
1068 4347 1134 4394 61661
1154 4341 1167 4412 ΙΙ
1187 4346 1220 4392 54
1239 4345 1374 4394 mittuntur
