3266 4994
852 369 855 374 ’
901 399 930 464 v

279 591 328 638 511
355 576 404 636 001
425 571 523 636 etiam
546 591 672 655 quoque
694 571 740 636 uti
762 571 864 655 possit
886 572 1009 638 eaelum
1033 591 1126 639 omne
1148 593 1279 640 manere

353 685 387 749 in
409 685 566 764 statione,
582 693 689 752 tamen
712 706 783 751 oum
805 684 913 751 lueida
935 686 1030 769 signa
1052 686 1213 772 ferantur3

353 799 419 864 sive
442 799 528 881 quod
549 799 661 865 inclusi
683 799 789 885 rapidi
812 785 885 865 sunt
909 800 1050 867 aetheris
1072 808 1202 885 aestus,

278 932 329 979 520
355 918 608 997 quaerentesque
630 914 716 980 viam
738 915 852 979 oireum
876 921 1043 981 versantur
1063 923 1096 983 et
1117 917 1208 1000 ignes

353 1028 472 1111 passim
494 1048 553 1112 per
576 1029 658 1095 caeli
681 1030 812 1093 volvunt
833 1029 987 1094 immania
1009 1031 1148 1116 templa3

353 1142 421 1207 sive
442 1141 572 1208 aliunde
593 1143 695 1208 fluens
718 1143 866 1208 alicunde
889 1145 1085 1211 extrinseeus
1108 1152 1162 1211 aer

353 1261 460 1321 versat
483 1276 585 1338 agens
606 1256 719 1341 ignes3
736 1259 803 1325 sive
824 1259 884 1343 ipsi
909 1279 1038 1343 serpere
1060 1265 1194 1344 possunt

353 1391 415 1454 000
438 1371 592 1452 00100000
614 1372 704 1437 uibus
726 1379 819 1438 vocat
841 1379 937 1456 atque
959 1373 1071 1439 invitat
1092 1375 1235 1459 aventis,

279 1505 329 1552 515
353 1485 503 1552 flammea
524 1507 581 1571 per
603 1488 726 1553 eaelum
748 1489 909 1572 pascentis
932 1509 1067 1575 eorpora
1089 1490 1229 1574 passim.

353 1620 427 1664 nam
451 1599 527 1682 quid
549 1601 583 1665 in
605 1603 665 1668 hoe
687 1601 806 1668 mundo
830 1603 871 1667 sit
892 1623 1002 1668 eorum
1024 1623 1142 1688 ponere
1167 1611 1287 1669 eertum

355 1713 486 1781 1111110110
508 1723 575 1782 est:
592 1717 648 1782 sed
672 1716 746 1800 quid
768 1718 870 1802 possit
891 1717 1010 1801 fiatque
1031 1737 1090 1802 per
1113 1738 1205 1783 omne

353 1828 386 1892 in
405 1829 501 1895 variis
523 1830 649 1896 mundis
671 1833 763 1897 varia
784 1827 1066 1916 101101100100110,

353 1942 386 2006 id
409 1941 530 2029 doeeo,
546 1946 711 2030 plurisque
734 1965 851 2027 sequor
873 1946 1043 2031 disponere
1066 1965 1200 2029 eausas,

278 2076 329 2124 530
354 2059 490 2124 motibus
513 2067 670 2125 astrorum
693 2079 776 2142 quae
797 2061 924 2144 possint
946 2079 1017 2128 esse
1039 2080 1097 2143 per
1119 2079 1234 2142 omne;

354 2191 371 2236 e
394 2173 507 2255 quibus
529 2195 593 2239 una
614 2180 723 2241 tamen
745 2174 806 2239 siet
827 2175 908 2240 haee
930 2195 1056 2259 quoque
1079 2193 1176 2240 eausa
1198 2179 1379 2259 necessest,

338 2297 436 2368 ‘quae
458 2295 574 2374 vegeat
596 2295 714 2354 motum
738 2290 856 2373 signis:
873 2289 931 2354 sed
954 2289 1102 2373 quaesit
1124 2309 1234 2354 earum

353 2403 539 2486 praecipere
561 2402 639 2466 hant
662 2408 854 2485 quaquamst
875 2403 1080 2488 pedetemtim
1103 2402 1380 2491 progredientis]

368 2549 373 2560 ·
392 2519 556 2599 Terraque
579 2518 665 2582 utin
688 2518 796 2583 media
820 2517 927 2582 mundi
949 2517 1081 2602 regione
1104 2517 1272 2601 quiescat,

279 2648 329 2696 535
355 2650 549 2698 evanescere
571 2632 725 2716 paulatim
749 2639 780 2697 et
802 2633 987 2699 deereseere
1009 2631 1136 2718 pondus

356 2747 522 2823 convenit,
539 2751 635 2828 atque
659 2748 757 2812 aliam
780 2753 926 2811 naturam
950 2755 1058 2833 supter
1079 2747 1221 2830 habere,

354 2878 395 2923 ex
416 2860 545 2925 ineunte
568 2881 646 2927 aevo
671 2862 871 2926 eoniunotam
894 2869 990 2945 atque
1012 2862 1116 2928 uniter
1138 2871 1245 2947 aptam

355 2975 500 3056 partibus
522 2976 617 3040 aeriis
639 2975 767 3060 muudi,
785 2977 900 3058 quibus
923 2976 1020 3042 insita
1042 2977 1159 3042 erevit.

355 3095 527 3171 propterea
549 3110 613 3154 non
637 3095 685 3156 est
707 3091 796 3155 oneri
818 3110 922 3173 neque
945 3091 1094 3174 deprimit
1116 3110 1233 3169 auras3

280 3220 331 3266 540
358 3207 391 3264 01
413 3203 608 3285 suaeuique
631 3203 749 3269 homini
772 3206 861 3270 nullo
884 3211 957 3270 sunt
978 3205 1121 3288 pondere
1143 3205 1304 3288 membra,

354 3333 414 3379 nee
436 3324 531 3400 eaput
552 3324 600 3382 est
622 3319 711 3384 oneri
736 3320 839 3396 00110,
855 3339 916 3384 neo
939 3319 1076 3401 denique
1099 3324 1198 3383 totum

355 3432 497 3513 eorporis
519 3431 552 3496 in
574 3432 711 3517 pedibus
733 3433 858 3517 pondus
882 3434 1036 3498 sentimus
1058 3435 1183 3500 inesse:

355 3549 389 3607 at
413 3565 495 3626 quae
518 3565 653 3629 eumque
674 3548 753 3612 foris
774 3549 905 3612 veniunt
926 3549 1116 3632 inpostaque
1138 3548 1232 3612 nobis

354 3659 501 3742 pondera
523 3667 597 3727 sunt
619 3662 771 3746 laedunt,
787 3663 944 3745 permulto
968 3682 1065 3746 saepe
1088 3663 1233 3727 minora.

280 3791 330 3840 515
356 3791 457 3854 00000
479 3775 561 3838 adeo
585 3775 693 3857 magni
717 3775 815 3840 refert
838 3776 913 3856 quid
937 3796 1083 3857 quaeque
1106 3782 1202 3842 aveat
1222 3795 1295 3840 res.

355 3887 401 3951 010
423 3887 516 3970 igitur
538 3889 632 3954 tellus
654 3909 719 3953 non
743 3894 792 3951 est
813 3887 920 3952 aliena
940 3895 1073 3973 repente

359 4070 559 4078 Ἣ

315 4227 319 4234 .
357 4190 407 4237 518
427 4188 495 4238 lucia
517 4185 530 4254 ΙΙ
551 4189 599 4236 521
621 4187 763 4236 summania
783 4184 797 4256 U
817 4190 868 4237 524
888 4189 987 4239 euntis.
1008 4185 1022 4256 ΙΙ
1042 4191 1092 4238 528
1112 4191 1208 4240 creati.
1230 4189 1242 4254 11
1263 4193 1314 4240 530
1328 4205 1445 4239 omnem.
1467 4187 1482 4256 ΙΙ

358 4277 406 4323 531
431 4276 464 4323 011
487 4283 511 4322 01
542 4272 556 4339 Η
585 4275 635 4322 532
660 4275 745 4337 vigeat
771 4271 784 4341 ss
810 4277 860 4324 533
885 4275 1020 4338 pedetemti
1045 4277 1233 4340 progredientes
1256 4273 1271 4346 ΙΙ
1298 4279 1347 4326 536
1371 4277 1484 4344 superq!

359 4363 407 4412 531
429 4360 517 4408 ineunt
537 4358 549 4428 ΙΙ
570 4363 619 4408 538
639 4361 718 4410 vivit.
741 4358 755 4430 ΙΙ
776 4365 825 4410 otu
847 4363 916 4425 magi
937 4363 951 4429 Η
972 4371 1064 4424 quaeat
