<?xml version="1.0" encoding="UTF-8"?>
<!DOCTYPE html PUBLIC "-//W3C//DTD XHTML 1.0 Transitional//EN"
    "http://www.w3.org/TR/xhtml1/DTD/xhtml1-transitional.dtd">
<html xmlns="http://www.w3.org/1999/xhtml" xml:lang="en" lang="en">
 <head>
  <title>
</title>
<meta http-equiv="Content-Type" content="text/html;charset=utf-8" />
  <meta name='ocr-system' content='tesseract 3.04.00' />
  <meta name='ocr-capabilities' content='ocr_page ocr_carea ocr_par ocr_line ocrx_word'/>
</head>
<body>
  <div class='ocr_page' id='page_1' title='image "./tlucreticarider19carugoog_0210.png"; bbox 0 0 3240 5010; ppageno 0'>
   <div class='ocr_carea' id='block_1_1' title="bbox 618 387 734 452">
    <p class='ocr_par' dir='ltr' id='par_1_1' title="bbox 618 387 734 452">
     <span class='ocr_line' id='line_1_1' title="bbox 618 387 734 452; baseline -0.026 1"><span class='ocrx_word' id='word_1_1' title='bbox 618 387 734 452; x_wconf 80' lang='lat' dir='ltr'>-Vl</span> 
     </span>
    </p>
   </div>
   <div class='ocr_carea' id='block_1_2' title="bbox 84 559 1113 3852">
    <p class='ocr_par' dir='ltr' id='par_1_2' title="bbox 149 559 1065 643">
     <span class='ocr_line' id='line_1_2' title="bbox 149 559 1065 643; baseline -0.002 -19"><span class='ocrx_word' id='word_1_2' title='bbox 149 559 408 643; x_wconf 86' lang='lat' dir='ltr'>quandoquidem</span> <span class='ocrx_word' id='word_1_3' title='bbox 433 560 532 624; x_wconf 92' lang='lat' dir='ltr'>semel</span> <span class='ocrx_word' id='word_1_4' title='bbox 555 559 675 624; x_wconf 87' lang='lat' dir='ltr'>institui</span> <span class='ocrx_word' id='word_1_5' title='bbox 698 559 916 624; x_wconf 85' lang='lat' dir='ltr'>conscendere</span> <span class='ocrx_word' id='word_1_6' title='bbox 938 579 1065 624; x_wconf 88' lang='lat' dir='ltr'>currum</span> 
     </span>
    </p>

    <p class='ocr_par' dir='ltr' id='par_1_3' title="bbox 95 673 1041 873">
     <span class='ocr_line' id='line_1_3' title="bbox 95 673 1041 759; baseline -0.001 -20"><span class='ocrx_word' id='word_1_7' title='bbox 95 685 104 700; x_wconf 90' lang='lat'><em>&#39;</em></span> <span class='ocrx_word' id='word_1_8' title='bbox 147 681 313 740; x_wconf 88' lang='lat' dir='ltr'>ventosum</span> <span class='ocrx_word' id='word_1_9' title='bbox 338 681 369 740; x_wconf 92' lang='lat' dir='ltr'>et</span> <span class='ocrx_word' id='word_1_10' title='bbox 391 679 513 740; x_wconf 85' lang='lat' dir='ltr'>certant</span> <span class='ocrx_word' id='word_1_11' title='bbox 534 674 721 759; x_wconf 84' lang='lat' dir='ltr'>plangentia</span> <span class='ocrx_word' id='word_1_12' title='bbox 743 673 875 756; x_wconf 89' lang='lat' dir='ltr'>flamina</span> <span class='ocrx_word' id='word_1_13' title='bbox 896 695 1041 754; x_wconf 78' lang='lat' dir='ltr'>rursum3</span> 
     </span>
     <span class='ocr_line' id='line_1_4' title="bbox 152 788 967 873; baseline 0 -21"><span class='ocrx_word' id='word_1_14' title='bbox 152 809 233 870; x_wconf 87' lang='lat' dir='ltr'>quae</span> <span class='ocrx_word' id='word_1_15' title='bbox 256 788 394 872; x_wconf 83' lang='lat' dir='ltr'>fuerint,</span> <span class='ocrx_word' id='word_1_16' title='bbox 411 789 500 872; x_wconf 86' lang='lat' dir='ltr'>sine,</span> <span class='ocrx_word' id='word_1_17' title='bbox 517 790 643 873; x_wconf 84' lang='lat' dir='ltr'>placato</span> <span class='ocrx_word' id='word_1_18' title='bbox 667 809 821 854; x_wconf 87' lang='lat' dir='ltr'>conversa</span> <span class='ocrx_word' id='word_1_19' title='bbox 841 790 967 854; x_wconf 90' lang='lat' dir='ltr'>furore.</span> 
     </span>
    </p>

    <p class='ocr_par' dir='ltr' id='par_1_4' title="bbox 84 902 1062 1445">
     <span class='ocr_line' id='line_1_5' title="bbox 84 902 1005 986; baseline -0.007 -14"><span class='ocrx_word' id='word_1_20' title='bbox 84 927 122 972; x_wconf 88' lang='grc'>55</span> <span class='ocrx_word' id='word_1_21' title='bbox 195 903 308 968; x_wconf 83' lang='lat' dir='ltr'>Cetera</span> <span class='ocrx_word' id='word_1_22' title='bbox 331 923 413 986; x_wconf 85' lang='lat' dir='ltr'>quae</span> <span class='ocrx_word' id='word_1_23' title='bbox 436 902 504 968; x_wconf 90' lang='lat' dir='ltr'>lieri</span> <span class='ocrx_word' id='word_1_24' title='bbox 527 903 560 968; x_wconf 92' lang='lat' dir='ltr'>in</span> <span class='ocrx_word' id='word_1_25' title='bbox 583 905 676 969; x_wconf 90' lang='lat' dir='ltr'>terris</span> <span class='ocrx_word' id='word_1_26' title='bbox 700 905 855 985; x_wconf 85' lang='lat' dir='ltr'>caeloque</span> <span class='ocrx_word' id='word_1_27' title='bbox 877 909 1005 967; x_wconf 87' lang='lat' dir='ltr'>tuentur</span> 
     </span>
     <span class='ocr_line' id='line_1_6' title="bbox 148 1018 1032 1103; baseline -0.002 -20"><span class='ocrx_word' id='word_1_28' title='bbox 148 1019 319 1101; x_wconf 80' lang='lat' dir='ltr'>mortales,</span> <span class='ocrx_word' id='word_1_29' title='bbox 337 1018 463 1102; x_wconf 86' lang='lat' dir='ltr'>pavidis</span> <span class='ocrx_word' id='word_1_30' title='bbox 486 1039 558 1083; x_wconf 91' lang='lat' dir='ltr'>cum</span> <span class='ocrx_word' id='word_1_31' title='bbox 580 1019 721 1103; x_wconf 89' lang='lat' dir='ltr'>pendent</span> <span class='ocrx_word' id='word_1_32' title='bbox 743 1019 892 1083; x_wconf 89' lang='lat' dir='ltr'>mentibu&#39;</span> <span class='ocrx_word' id='word_1_33' title='bbox 914 1037 1032 1101; x_wconf 82' lang='lat' dir='ltr'><strong>saepe,</strong></span> 
     </span>
     <span class='ocr_line' id='line_1_7' title="bbox 149 1132 990 1199; baseline -0.002 -1"><span class='ocrx_word' id='word_1_34' title='bbox 149 1135 229 1199; x_wconf 88' lang='lat' dir='ltr'>haec</span> <span class='ocrx_word' id='word_1_35' title='bbox 251 1132 371 1198; x_wconf 84' lang='lat' dir='ltr'>iaciunt</span> <span class='ocrx_word' id='word_1_36' title='bbox 394 1133 519 1198; x_wconf 89' lang='lat' dir='ltr'>animos</span> <span class='ocrx_word' id='word_1_37' title='bbox 542 1133 671 1198; x_wconf 90' lang='lat' dir='ltr'>humilis</span> <span class='ocrx_word' id='word_1_38' title='bbox 693 1133 862 1198; x_wconf 85' lang='lat' dir='ltr'>formidine</span> <span class='ocrx_word' id='word_1_39' title='bbox 885 1133 990 1197; x_wconf 89' lang='lat' dir='ltr'>divom</span> 
     </span>
     <span class='ocr_line' id='line_1_8' title="bbox 147 1247 1062 1332; baseline 0.002 -21"><span class='ocrx_word' id='word_1_40' title='bbox 147 1247 384 1332; x_wconf 80' lang='lat' dir='ltr'>depressosque</span> <span class='ocrx_word' id='word_1_41' title='bbox 407 1255 554 1331; x_wconf 89' lang='lat' dir='ltr'>premunt</span> <span class='ocrx_word' id='word_1_42' title='bbox 576 1249 618 1313; x_wconf 86' lang='lat' dir='ltr'>ad</span> <span class='ocrx_word' id='word_1_43' title='bbox 641 1257 758 1312; x_wconf 87' lang='lat' dir='ltr'>terram</span> <span class='ocrx_word' id='word_1_44' title='bbox 782 1255 954 1332; x_wconf 89' lang='lat' dir='ltr'>propterea</span> <span class='ocrx_word' id='word_1_45' title='bbox 977 1248 1062 1330; x_wconf 88' lang='lat' dir='ltr'>quod</span> 
     </span>
     <span class='ocr_line' id='line_1_9' title="bbox 146 1361 847 1445; baseline 0.003 -21"><span class='ocrx_word' id='word_1_46' title='bbox 146 1361 330 1445; x_wconf 82' lang='lat' dir='ltr'>ignorantia</span> <span class='ocrx_word' id='word_1_47' title='bbox 352 1382 520 1428; x_wconf 85' lang='lat' dir='ltr'>causarum</span> <span class='ocrx_word' id='word_1_48' title='bbox 546 1362 693 1429; x_wconf 86' lang='lat' dir='ltr'>conferre</span> <span class='ocrx_word' id='word_1_49' title='bbox 715 1365 847 1428; x_wconf 88' lang='lat' dir='ltr'>deorum</span> 
     </span>
    </p>

    <p class='ocr_par' dir='ltr' id='par_1_5' title="bbox 85 1477 988 1562">
     <span class='ocr_line' id='line_1_10' title="bbox 85 1477 988 1562; baseline -0.006 -16"><span class='ocrx_word' id='word_1_50' title='bbox 85 1499 121 1546; x_wconf 93' lang='grc'>55</span> <span class='ocrx_word' id='word_1_51' title='bbox 148 1478 235 1560; x_wconf 84' lang='lat' dir='ltr'>cogit</span> <span class='ocrx_word' id='word_1_52' title='bbox 256 1477 298 1541; x_wconf 92' lang='lat' dir='ltr'>ad</span> <span class='ocrx_word' id='word_1_53' title='bbox 314 1477 487 1562; x_wconf 24' lang='lat' dir='ltr'>*imperinm</span> <span class='ocrx_word' id='word_1_54' title='bbox 511 1497 561 1542; x_wconf 91' lang='lat' dir='ltr'>res</span> <span class='ocrx_word' id='word_1_55' title='bbox 586 1478 813 1544; x_wconf 85' lang='lat' dir='ltr'>eteonoedere</span> <span class='ocrx_word' id='word_1_56' title='bbox 834 1497 988 1561; x_wconf 86' lang='lat' dir='ltr'>reguum.</span> 
     </span>
    </p>

    <p class='ocr_par' dir='ltr' id='par_1_6' title="bbox 86 1592 1113 1789">
     <span class='ocr_line' id='line_1_11' title="bbox 86 1592 1113 1674; baseline -0.004 -14"><span class='ocrx_word' id='word_1_57' title='bbox 86 1613 122 1660; x_wconf 86' lang='grc'>55</span> <span class='ocrx_word' id='word_1_58' title='bbox 150 1612 222 1656; x_wconf 90' lang='lat' dir='ltr'>uam</span> <span class='ocrx_word' id='word_1_59' title='bbox 247 1593 327 1656; x_wconf 90' lang='lat' dir='ltr'>bene</span> <span class='ocrx_word' id='word_1_60' title='bbox 350 1592 405 1674; x_wconf 88' lang='lat' dir='ltr'>qui</span> <span class='ocrx_word' id='word_1_61' title='bbox 429 1592 567 1658; x_wconf 79' lang='lat' dir='ltr'>didicere</span> <span class='ocrx_word' id='word_1_62' title='bbox 590 1595 669 1657; x_wconf 91' lang='lat' dir='ltr'>deos</span> <span class='ocrx_word' id='word_1_63' title='bbox 692 1612 834 1657; x_wconf 86' lang='lat' dir='ltr'>securum</span> <span class='ocrx_word' id='word_1_64' title='bbox 860 1611 956 1674; x_wconf 84' lang='lat' dir='ltr'>agere</span> <span class='ocrx_word' id='word_1_65' title='bbox 979 1612 1113 1670; x_wconf 89' lang='lat' dir='ltr'>aevom,</span> 
     </span>
     <span class='ocr_line' id='line_1_12' title="bbox 148 1707 861 1789; baseline -0.001 -17"><span class='ocrx_word' id='word_1_66' title='bbox 148 1709 175 1772; x_wconf 91' lang='lat' dir='ltr'>si</span> <span class='ocrx_word' id='word_1_67' title='bbox 199 1712 305 1773; x_wconf 85' lang='lat' dir='ltr'>tamen</span> <span class='ocrx_word' id='word_1_68' title='bbox 328 1707 449 1771; x_wconf 88' lang='lat' dir='ltr'>interea</span> <span class='ocrx_word' id='word_1_69' title='bbox 472 1708 627 1771; x_wconf 89' lang='lat' dir='ltr'>mirantur</span> <span class='ocrx_word' id='word_1_70' title='bbox 649 1728 714 1789; x_wconf 89' lang='lat' dir='ltr'>qua</span> <span class='ocrx_word' id='word_1_71' title='bbox 737 1707 861 1771; x_wconf 90' lang='lat' dir='ltr'>ratione</span> 
     </span>
    </p>

    <p class='ocr_par' dir='ltr' id='par_1_7' title="bbox 86 1801 1016 2365">
     <span class='ocr_line' id='line_1_13' title="bbox 86 1801 1013 1906; baseline -0.003 -17"><span class='ocrx_word' id='word_1_72' title='bbox 86 1843 121 1889; x_wconf 86' lang='lat' dir='ltr'>eo</span> <span class='ocrx_word' id='word_1_73' title='bbox 149 1801 388 1906; x_wconf 32' lang='lat' dir='ltr'>quaeque&#39;geri</span> <span class='ocrx_word' id='word_1_74' title='bbox 410 1822 553 1906; x_wconf 79' lang='lat' dir='ltr'>possint,</span> <span class='ocrx_word' id='word_1_75' title='bbox 570 1823 754 1906; x_wconf 88' lang='lat' dir='ltr'>praesertim</span> <span class='ocrx_word' id='word_1_76' title='bbox 780 1823 873 1887; x_wconf 90' lang='lat' dir='ltr'>rebus</span> <span class='ocrx_word' id='word_1_77' title='bbox 897 1822 1013 1886; x_wconf 90' lang='lat' dir='ltr'>inillis</span> 
     </span>
     <span class='ocr_line' id='line_1_14' title="bbox 148 1937 1016 2021; baseline -0.002 -19"><span class='ocrx_word' id='word_1_78' title='bbox 148 1955 230 2019; x_wconf 84' lang='lat' dir='ltr'>quae</span> <span class='ocrx_word' id='word_1_79' title='bbox 253 1957 367 2021; x_wconf 87' lang='lat' dir='ltr'>supera</span> <span class='ocrx_word' id='word_1_80' title='bbox 390 1945 485 2020; x_wconf 87' lang='lat' dir='ltr'>eaput</span> <span class='ocrx_word' id='word_1_81' title='bbox 506 1937 657 2002; x_wconf 83' lang='lat' dir='ltr'>aetheriis</span> <span class='ocrx_word' id='word_1_82' title='bbox 680 1943 851 2002; x_wconf 90' lang='lat' dir='ltr'>cernuntur</span> <span class='ocrx_word' id='word_1_83' title='bbox 873 1937 904 2000; x_wconf 89' lang='lat' dir='ltr'>in</span> <span class='ocrx_word' id='word_1_84' title='bbox 931 1937 1016 2020; x_wconf 88' lang='lat' dir='ltr'>oris,</span> 
     </span>
     <span class='ocr_line' id='line_1_15' title="bbox 147 2051 889 2135; baseline 0.003 -21"><span class='ocrx_word' id='word_1_85' title='bbox 147 2072 256 2117; x_wconf 90' lang='lat' dir='ltr'>rursus</span> <span class='ocrx_word' id='word_1_86' title='bbox 278 2055 311 2116; x_wconf 95' lang='lat' dir='ltr'>in</span> <span class='ocrx_word' id='word_1_87' title='bbox 334 2052 483 2134; x_wconf 86' lang='lat' dir='ltr'>antiquas</span> <span class='ocrx_word' id='word_1_88' title='bbox 505 2051 684 2134; x_wconf 88' lang='lat' dir='ltr'>referuntur</span> <span class='ocrx_word' id='word_1_89' title='bbox 706 2051 889 2135; x_wconf 84' lang='lat' dir='ltr'>religionis,</span> 
     </span>
     <span class='ocr_line' id='line_1_16' title="bbox 148 2167 921 2252; baseline 0 -21"><span class='ocrx_word' id='word_1_90' title='bbox 148 2173 179 2231; x_wconf 89' lang='lat' dir='ltr'>et</span> <span class='ocrx_word' id='word_1_91' title='bbox 201 2167 347 2232; x_wconf 88' lang='lat' dir='ltr'>dominos</span> <span class='ocrx_word' id='word_1_92' title='bbox 369 2167 453 2231; x_wconf 87' lang='lat' dir='ltr'>aeris</span> <span class='ocrx_word' id='word_1_93' title='bbox 476 2167 679 2243; x_wconf 87' lang='lat' dir='ltr'>adsciscunt,</span> <span class='ocrx_word' id='word_1_94' title='bbox 696 2168 803 2232; x_wconf 86' lang='lat' dir='ltr'>omnia</span> <span class='ocrx_word' id='word_1_95' title='bbox 825 2187 921 2252; x_wconf 88' lang='lat' dir='ltr'>posse</span> 
     </span>
     <span class='ocr_line' id='line_1_17' title="bbox 148 2281 986 2365; baseline 0.002 -19"><span class='ocrx_word' id='word_1_96' title='bbox 148 2302 227 2364; x_wconf 90' lang='lat' dir='ltr'>quos</span> <span class='ocrx_word' id='word_1_97' title='bbox 249 2282 355 2348; x_wconf 88' lang='lat' dir='ltr'>miseri</span> <span class='ocrx_word' id='word_1_98' title='bbox 377 2281 531 2355; x_wconf 88' lang='lat' dir='ltr'>credunt,</span> <span class='ocrx_word' id='word_1_99' title='bbox 548 2281 653 2364; x_wconf 86' lang='lat' dir='ltr'>ignari</span> <span class='ocrx_word' id='word_1_100' title='bbox 676 2281 752 2363; x_wconf 87' lang='lat' dir='ltr'>quid</span> <span class='ocrx_word' id='word_1_101' title='bbox 775 2289 872 2363; x_wconf 89' lang='lat' dir='ltr'>queat</span> <span class='ocrx_word' id='word_1_102' title='bbox 894 2302 986 2365; x_wconf 86' lang='lat' dir='ltr'>esse,</span> 
     </span>
    </p>

    <p class='ocr_par' dir='ltr' id='par_1_8' title="bbox 88 2395 1073 2939">
     <span class='ocr_line' id='line_1_18' title="bbox 88 2395 977 2480; baseline -0.004 -15"><span class='ocrx_word' id='word_1_103' title='bbox 88 2419 121 2465; x_wconf 84' lang='grc'>55</span> <span class='ocrx_word' id='word_1_104' title='bbox 149 2396 223 2479; x_wconf 88' lang='lat' dir='ltr'>quid</span> <span class='ocrx_word' id='word_1_105' title='bbox 248 2403 408 2478; x_wconf 86' lang='lat' dir='ltr'>nequeat,</span> <span class='ocrx_word' id='word_1_106' title='bbox 424 2395 513 2460; x_wconf 83' lang='lat' dir='ltr'>finita</span> <span class='ocrx_word' id='word_1_107' title='bbox 535 2400 678 2480; x_wconf 85' lang='lat' dir='ltr'>potestas</span> <span class='ocrx_word' id='word_1_108' title='bbox 702 2395 840 2478; x_wconf 89' lang='lat' dir='ltr'>denique</span> <span class='ocrx_word' id='word_1_109' title='bbox 864 2399 977 2478; x_wconf 87' lang='lat' dir='ltr'>cuique</span> 
     </span>
     <span class='ocr_line' id='line_1_19' title="bbox 148 2509 1073 2594; baseline -0.002 -18"><span class='ocrx_word' id='word_1_110' title='bbox 148 2533 209 2593; x_wconf 89' lang='lat' dir='ltr'>qua</span> <span class='ocrx_word' id='word_1_111' title='bbox 232 2531 307 2576; x_wconf 88' lang='lat' dir='ltr'>narn</span> <span class='ocrx_word' id='word_1_112' title='bbox 330 2511 371 2576; x_wconf 89' lang='lat' dir='ltr'>sit</span> <span class='ocrx_word' id='word_1_113' title='bbox 395 2511 508 2576; x_wconf 91' lang='lat' dir='ltr'>rationi</span> <span class='ocrx_word' id='word_1_114' title='bbox 533 2516 628 2591; x_wconf 90' lang='lat' dir='ltr'>atque</span> <span class='ocrx_word' id='word_1_115' title='bbox 652 2509 715 2594; x_wconf 88' lang='lat' dir='ltr'>alte</span> <span class='ocrx_word' id='word_1_116' title='bbox 739 2511 893 2575; x_wconf 91' lang='lat' dir='ltr'>terminus</span> <span class='ocrx_word' id='word_1_117' title='bbox 916 2511 1073 2594; x_wconf 88' lang='lat' dir='ltr'>haerens;</span> 
     </span>
     <span class='ocr_line' id='line_1_20' title="bbox 148 2624 954 2711; baseline 0 -21"><span class='ocrx_word' id='word_1_118' title='bbox 148 2645 209 2708; x_wconf 86' lang='lat' dir='ltr'>quo</span> <span class='ocrx_word' id='word_1_119' title='bbox 233 2626 337 2711; x_wconf 82' lang='lat' dir='ltr'>magis</span> <span class='ocrx_word' id='word_1_120' title='bbox 359 2632 500 2691; x_wconf 84' lang='lat' dir='ltr'>errantes</span> <span class='ocrx_word' id='word_1_121' title='bbox 524 2645 620 2690; x_wconf 86' lang='lat' dir='ltr'>caeos</span> <span class='ocrx_word' id='word_1_122' title='bbox 643 2625 768 2690; x_wconf 88' lang='lat' dir='ltr'>ratione</span> <span class='ocrx_word' id='word_1_123' title='bbox 790 2624 954 2690; x_wconf 82' lang='lat' dir='ltr'>teruntur.</span> 
     </span>
     <span class='ocr_line' id='line_1_21' title="bbox 138 2739 994 2825; baseline 0 -21"><span class='ocrx_word' id='word_1_124' title='bbox 138 2761 232 2822; x_wconf 82' lang='grc'>,5555</span> <span class='ocrx_word' id='word_1_125' title='bbox 255 2741 316 2806; x_wconf 90' lang='lat' dir='ltr'>nisi</span> <span class='ocrx_word' id='word_1_126' title='bbox 339 2739 464 2825; x_wconf 87' lang='lat' dir='ltr'>respuis</span> <span class='ocrx_word' id='word_1_127' title='bbox 487 2761 526 2804; x_wconf 86' lang='lat' dir='ltr'>ex</span> <span class='ocrx_word' id='word_1_128' title='bbox 549 2741 654 2804; x_wconf 84' lang='lat' dir='ltr'>animo</span> <span class='ocrx_word' id='word_1_129' title='bbox 677 2741 838 2822; x_wconf 86' lang='lat' dir='ltr'>longeque</span> <span class='ocrx_word' id='word_1_130' title='bbox 862 2740 994 2804; x_wconf 83' lang='lat' dir='ltr'>remittis</span> 
     </span>
     <span class='ocr_line' id='line_1_22' title="bbox 147 2854 940 2939; baseline -0.004 -19"><span class='ocrx_word' id='word_1_131' title='bbox 147 2854 195 2920; x_wconf 89' lang='lat' dir='ltr'>dis</span> <span class='ocrx_word' id='word_1_132' title='bbox 217 2855 353 2937; x_wconf 85' lang='lat' dir='ltr'>indigna</span> <span class='ocrx_word' id='word_1_133' title='bbox 375 2861 486 2939; x_wconf 87' lang='lat' dir='ltr'>putare</span> <span class='ocrx_word' id='word_1_134' title='bbox 509 2855 678 2936; x_wconf 85' lang='lat' dir='ltr'>alienaque</span> <span class='ocrx_word' id='word_1_135' title='bbox 702 2856 789 2937; x_wconf 88' lang='lat' dir='ltr'>pacis</span> <span class='ocrx_word' id='word_1_136' title='bbox 813 2875 940 2937; x_wconf 88' lang='lat' dir='ltr'>eorum,</span> 
     </span>
    </p>

    <p class='ocr_par' dir='ltr' id='par_1_9' title="bbox 87 2969 1063 3510">
     <span class='ocr_line' id='line_1_23' title="bbox 87 2969 906 3053; baseline -0.002 -17"><span class='ocrx_word' id='word_1_137' title='bbox 87 2991 121 3036; x_wconf 76' lang='lat' dir='ltr'>ro</span> <span class='ocrx_word' id='word_1_138' title='bbox 149 2969 287 3036; x_wconf 89' lang='lat' dir='ltr'>delibata</span> <span class='ocrx_word' id='word_1_139' title='bbox 310 2971 403 3034; x_wconf 91' lang='lat' dir='ltr'>deum</span> <span class='ocrx_word' id='word_1_140' title='bbox 426 2977 537 3053; x_wconf 90' lang='lat' dir='ltr'>perte</span> <span class='ocrx_word' id='word_1_141' title='bbox 561 2969 617 3034; x_wconf 90' lang='lat' dir='ltr'>tibi</span> <span class='ocrx_word' id='word_1_142' title='bbox 641 2971 771 3034; x_wconf 88' lang='lat' dir='ltr'>numina</span> <span class='ocrx_word' id='word_1_143' title='bbox 794 2975 906 3035; x_wconf 85' lang='lat' dir='ltr'>saneta</span> 
     </span>
     <span class='ocr_line' id='line_1_24' title="bbox 147 3084 1063 3172; baseline 0.003 -24"><span class='ocrx_word' id='word_1_144' title='bbox 147 3103 242 3168; x_wconf 89' lang='lat' dir='ltr'>saepe</span> <span class='ocrx_word' id='word_1_145' title='bbox 266 3085 421 3168; x_wconf 87' lang='lat' dir='ltr'>oberunt;</span> <span class='ocrx_word' id='word_1_146' title='bbox 440 3105 503 3150; x_wconf 93' lang='lat' dir='ltr'>non</span> <span class='ocrx_word' id='word_1_147' title='bbox 527 3104 590 3166; x_wconf 90' lang='lat' dir='ltr'>quo</span> <span class='ocrx_word' id='word_1_148' title='bbox 613 3084 727 3150; x_wconf 88' lang='lat' dir='ltr'>violari</span> <span class='ocrx_word' id='word_1_149' title='bbox 751 3105 875 3149; x_wconf 90' lang='lat' dir='ltr'>summa</span> <span class='ocrx_word' id='word_1_150' title='bbox 898 3086 991 3172; x_wconf 84' lang='lat' dir='ltr'>deum</span> <span class='ocrx_word' id='word_1_151' title='bbox 1015 3086 1063 3151; x_wconf 86' lang='lat' dir='ltr'>ris</span> 
     </span>
     <span class='ocr_line' id='line_1_25' title="bbox 147 3200 1000 3284; baseline 0 -20"><span class='ocrx_word' id='word_1_152' title='bbox 147 3201 267 3284; x_wconf 89' lang='lat' dir='ltr'>possit,</span> <span class='ocrx_word' id='word_1_153' title='bbox 283 3209 316 3263; x_wconf 92' lang='lat' dir='ltr'>ut</span> <span class='ocrx_word' id='word_1_154' title='bbox 338 3220 378 3266; x_wconf 84' lang='lat' dir='ltr'>ex</span> <span class='ocrx_word' id='word_1_155' title='bbox 402 3200 451 3264; x_wconf 87' lang='lat' dir='ltr'>ira</span> <span class='ocrx_word' id='word_1_156' title='bbox 472 3219 596 3284; x_wconf 89' lang='lat' dir='ltr'>poenas</span> <span class='ocrx_word' id='word_1_157' title='bbox 619 3208 728 3284; x_wconf 91' lang='lat' dir='ltr'>petere</span> <span class='ocrx_word' id='word_1_158' title='bbox 751 3202 876 3266; x_wconf 86' lang='lat' dir='ltr'>inbibat</span> <span class='ocrx_word' id='word_1_159' title='bbox 898 3201 1000 3273; x_wconf 86' lang='lat' dir='ltr'>aeris,</span> 
     </span>
     <span class='ocr_line' id='line_1_26' title="bbox 147 3315 965 3399; baseline -0.001 -20"><span class='ocrx_word' id='word_1_160' title='bbox 147 3315 202 3380; x_wconf 87' lang='lat' dir='ltr'>sed</span> <span class='ocrx_word' id='word_1_161' title='bbox 227 3315 303 3397; x_wconf 91' lang='lat' dir='ltr'>quia</span> <span class='ocrx_word' id='word_1_162' title='bbox 326 3322 389 3379; x_wconf 91' lang='lat' dir='ltr'>tute</span> <span class='ocrx_word' id='word_1_163' title='bbox 412 3316 468 3378; x_wconf 89' lang='lat' dir='ltr'>tibi</span> <span class='ocrx_word' id='word_1_164' title='bbox 492 3315 619 3398; x_wconf 85' lang='lat' dir='ltr'>placida</span> <span class='ocrx_word' id='word_1_165' title='bbox 643 3335 712 3379; x_wconf 91' lang='lat' dir='ltr'>oum</span> <span class='ocrx_word' id='word_1_166' title='bbox 736 3335 816 3399; x_wconf 80' lang='lat' dir='ltr'>paee</span> <span class='ocrx_word' id='word_1_167' title='bbox 840 3315 965 3395; x_wconf 88' lang='lat' dir='ltr'>quietos</span> 
     </span>
     <span class='ocr_line' id='line_1_27' title="bbox 144 3427 922 3510; baseline -0.005 -16"><span class='ocrx_word' id='word_1_168' title='bbox 144 3431 316 3496; x_wconf 85' lang='lat' dir='ltr'>constitues</span> <span class='ocrx_word' id='word_1_169' title='bbox 339 3449 474 3510; x_wconf 83' lang='lat' dir='ltr'>magnos</span> <span class='ocrx_word' id='word_1_170' title='bbox 496 3429 612 3492; x_wconf 92' lang='lat' dir='ltr'>irarum</span> <span class='ocrx_word' id='word_1_171' title='bbox 637 3429 764 3493; x_wconf 87' lang='lat' dir='ltr'>volvere</span> <span class='ocrx_word' id='word_1_172' title='bbox 788 3427 922 3509; x_wconf 88' lang='lat' dir='ltr'>fluctus,</span> 
     </span>
    </p>

    <p class='ocr_par' dir='ltr' id='par_1_10' title="bbox 87 3541 1028 3852">
     <span class='ocr_line' id='line_1_28' title="bbox 87 3541 1028 3628; baseline -0.006 -19"><span class='ocrx_word' id='word_1_173' title='bbox 87 3565 122 3610; x_wconf 81' lang='lat' dir='ltr'>ro</span> <span class='ocrx_word' id='word_1_174' title='bbox 146 3563 205 3610; x_wconf 88' lang='lat' dir='ltr'>nec</span> <span class='ocrx_word' id='word_1_175' title='bbox 228 3545 363 3609; x_wconf 86' lang='lat' dir='ltr'>delubra</span> <span class='ocrx_word' id='word_1_176' title='bbox 386 3545 479 3609; x_wconf 92' lang='lat' dir='ltr'>deum</span> <span class='ocrx_word' id='word_1_177' title='bbox 503 3543 631 3628; x_wconf 89' lang='lat' dir='ltr'>placido</span> <span class='ocrx_word' id='word_1_178' title='bbox 655 3562 725 3607; x_wconf 84' lang='lat' dir='ltr'>enm</span> <span class='ocrx_word' id='word_1_179' title='bbox 749 3549 879 3627; x_wconf 88' lang='lat' dir='ltr'>pectore</span> <span class='ocrx_word' id='word_1_180' title='bbox 902 3541 1028 3622; x_wconf 88' lang='lat' dir='ltr'>adibis,</span> 
     </span>
     <span class='ocr_line' id='line_1_29' title="bbox 144 3653 1026 3744; baseline -0.007 -21"><span class='ocrx_word' id='word_1_181' title='bbox 144 3679 204 3724; x_wconf 89' lang='lat' dir='ltr'>nec</span> <span class='ocrx_word' id='word_1_182' title='bbox 226 3660 267 3724; x_wconf 92' lang='lat' dir='ltr'>de</span> <span class='ocrx_word' id='word_1_183' title='bbox 289 3680 423 3744; x_wconf 89' lang='lat' dir='ltr'>corpore</span> <span class='ocrx_word' id='word_1_184' title='bbox 447 3679 529 3741; x_wconf 84' lang='grc'>5555</span> <span class='ocrx_word' id='word_1_185' title='bbox 552 3662 663 3723; x_wconf 89' lang='lat' dir='ltr'>sancto</span> <span class='ocrx_word' id='word_1_186' title='bbox 687 3656 859 3722; x_wconf 84' lang='lat' dir='ltr'>simulacra</span> <span class='ocrx_word' id='word_1_187' title='bbox 881 3653 1026 3718; x_wconf 90' lang='lat' dir='ltr'>feruntur</span> 
     </span>
     <span class='ocr_line' id='line_1_30' title="bbox 144 3771 974 3852; baseline -0.006 -15"><span class='ocrx_word' id='word_1_188' title='bbox 144 3773 176 3840; x_wconf 93' lang='lat' dir='ltr'>in</span> <span class='ocrx_word' id='word_1_189' title='bbox 199 3781 322 3840; x_wconf 90' lang='lat' dir='ltr'>mentes</span> <span class='ocrx_word' id='word_1_190' title='bbox 344 3773 505 3840; x_wconf 88' lang='lat' dir='ltr'>bominum</span> <span class='ocrx_word' id='word_1_191' title='bbox 528 3774 655 3838; x_wconf 89' lang='lat' dir='ltr'>divinae</span> <span class='ocrx_word' id='word_1_192' title='bbox 678 3772 788 3836; x_wconf 89' lang='lat' dir='ltr'>nuntia</span> <span class='ocrx_word' id='word_1_193' title='bbox 810 3771 974 3852; x_wconf 75' lang='lat' dir='ltr'>formae,</span> 
     </span>
    </p>
   </div>
   <div class='ocr_carea' id='block_1_3' title="bbox 143 3975 344 3982">
    <p class='ocr_par' dir='ltr' id='par_1_11' title="bbox 143 3975 344 3982">
     <span class='ocr_line' id='line_1_31' title="bbox 143 3975 344 3982; baseline -0.005 0"><span class='ocrx_word' id='word_1_194' title='bbox 143 3975 344 3982; x_wconf 56' lang='lat' dir='ltr'>ffl.—-.-</span> 
     </span>
    </p>
   </div>
   <div class='ocr_carea' id='block_1_4' title="bbox 144 4095 1266 4416">
    <p class='ocr_par' dir='ltr' id='par_1_12' title="bbox 144 4095 1266 4416">
     <span class='ocr_line' id='line_1_32' title="bbox 147 4095 1264 4171; baseline -0.003 -22"><span class='ocrx_word' id='word_1_195' title='bbox 147 4104 179 4149; x_wconf 80' lang='grc'>47</span> <span class='ocrx_word' id='word_1_196' title='bbox 192 4101 317 4165; x_wconf 81' lang='lat' dir='ltr'>insignem</span> <span class='ocrx_word' id='word_1_197' title='bbox 338 4099 351 4171; x_wconf 97' lang='grc' dir='ltr'>Η</span> <span class='ocrx_word' id='word_1_198' title='bbox 371 4105 404 4152; x_wconf 81' lang='grc'>48</span> <span class='ocrx_word' id='word_1_199' title='bbox 418 4103 559 4150; x_wconf 85' lang='lat' dir='ltr'>Ventorum</span> <span class='ocrx_word' id='word_1_200' title='bbox 572 4101 683 4150; x_wconf 85' lang='lat' dir='ltr'>exirtsnt</span> <span class='ocrx_word' id='word_1_201' title='bbox 695 4102 825 4166; x_wconf 81' lang='lat' dir='ltr'>placentur</span> <span class='ocrx_word' id='word_1_202' title='bbox 837 4099 925 4148; x_wconf 83' lang='lat' dir='ltr'>omnia</span> <span class='ocrx_word' id='word_1_203' title='bbox 944 4097 958 4164; x_wconf 95' lang='grc' dir='ltr'>Η</span> <span class='ocrx_word' id='word_1_204' title='bbox 979 4097 1075 4146; x_wconf 73' lang='lat' dir='ltr'>sosine</span> <span class='ocrx_word' id='word_1_205' title='bbox 1095 4098 1107 4162; x_wconf 93' lang='grc' dir='ltr'>Η</span> <span class='ocrx_word' id='word_1_206' title='bbox 1129 4097 1231 4146; x_wconf 84' lang='lat' dir='ltr'>favore.</span> <span class='ocrx_word' id='word_1_207' title='bbox 1252 4095 1264 4164; x_wconf 96' lang='grc' dir='ltr'>Η</span> 
     </span>
     <span class='ocr_line' id='line_1_33' title="bbox 146 4177 1265 4256; baseline -0.006 -18"><span class='ocrx_word' id='word_1_208' title='bbox 146 4191 177 4238; x_wconf 91' lang='grc'>51</span> <span class='ocrx_word' id='word_1_209' title='bbox 192 4189 320 4238; x_wconf 87' lang='lat' dir='ltr'>montibus</span> <span class='ocrx_word' id='word_1_210' title='bbox 339 4186 353 4256; x_wconf 96' lang='grc' dir='ltr'>Η</span> <span class='ocrx_word' id='word_1_211' title='bbox 374 4193 406 4239; x_wconf 82' lang='grc'>52</span> <span class='ocrx_word' id='word_1_212' title='bbox 420 4189 452 4237; x_wconf 82' lang='lat' dir='ltr'>Et</span> <span class='ocrx_word' id='word_1_213' title='bbox 467 4188 479 4254; x_wconf 99' lang='grc' dir='ltr'>Η</span> <span class='ocrx_word' id='word_1_214' title='bbox 500 4191 532 4237; x_wconf 90' lang='grc'>56</span> <span class='ocrx_word' id='word_1_215' title='bbox 547 4191 658 4238; x_wconf 79' lang='lat'>57:90</span> <span class='ocrx_word' id='word_1_216' title='bbox 672 4191 702 4237; x_wconf 89' lang='grc'>91</span> <span class='ocrx_word' id='word_1_217' title='bbox 726 4177 744 4256; x_wconf 94' lang='grc' dir='ltr'>Η</span> <span class='ocrx_word' id='word_1_218' title='bbox 760 4193 792 4239; x_wconf 88' lang='lat'>63</span> <span class='ocrx_word' id='word_1_219' title='bbox 805 4189 937 4238; x_wconf 86' lang='lat' dir='ltr'>adciscunt</span> <span class='ocrx_word' id='word_1_220' title='bbox 951 4183 963 4253; x_wconf 97' lang='grc' dir='ltr'>Η</span> <span class='ocrx_word' id='word_1_221' title='bbox 979 4189 1012 4235; x_wconf 76' lang='grc'>64</span> <span class='ocrx_word' id='word_1_222' title='bbox 1025 4185 1122 4234; x_wconf 90' lang='lat' dir='ltr'>miseris</span> <span class='ocrx_word' id='word_1_223' title='bbox 1136 4181 1151 4251; x_wconf 95' lang='grc' dir='ltr'>Η</span> <span class='ocrx_word' id='word_1_224' title='bbox 1165 4187 1197 4233; x_wconf 85' lang='grc'>68</span> <span class='ocrx_word' id='word_1_225' title='bbox 1210 4185 1265 4232; x_wconf 85' lang='grc'>155-</span> 
     </span>
     <span class='ocr_line' id='line_1_34' title="bbox 144 4268 1266 4346; baseline -0.004 -22"><span class='ocrx_word' id='word_1_226' title='bbox 144 4277 222 4340; x_wconf 80' lang='lat' dir='ltr'>gique</span> <span class='ocrx_word' id='word_1_227' title='bbox 234 4278 345 4327; x_wconf 87' lang='lat' dir='ltr'>remitti.</span> <span class='ocrx_word' id='word_1_228' title='bbox 366 4277 379 4345; x_wconf 98' lang='grc' dir='ltr'>Η</span> <span class='ocrx_word' id='word_1_229' title='bbox 401 4282 430 4327; x_wconf 77' lang='grc'>71</span> <span class='ocrx_word' id='word_1_230' title='bbox 447 4278 553 4326; x_wconf 87' lang='lat' dir='ltr'>oderunt</span> <span class='ocrx_word' id='word_1_231' title='bbox 567 4274 580 4346; x_wconf 93' lang='grc' dir='ltr'>Η</span> <span class='ocrx_word' id='word_1_232' title='bbox 596 4278 700 4326; x_wconf 81' lang='lat' dir='ltr'>violeris</span> <span class='ocrx_word' id='word_1_233' title='bbox 720 4278 733 4345; x_wconf 91' lang='grc' dir='ltr'>Η</span> <span class='ocrx_word' id='word_1_234' title='bbox 756 4280 786 4325; x_wconf 79' lang='lat'>72</span> <span class='ocrx_word' id='word_1_235' title='bbox 801 4278 837 4326; x_wconf 90' lang='lat' dir='ltr'>ire</span> <span class='ocrx_word' id='word_1_236' title='bbox 858 4277 869 4342; x_wconf 95' lang='grc' dir='ltr'>Η</span> <span class='ocrx_word' id='word_1_237' title='bbox 891 4274 1051 4337; x_wconf 77' lang='lat' dir='ltr'>requietus.</span> <span class='ocrx_word' id='word_1_238' title='bbox 1066 4271 1079 4340; x_wconf 92' lang='grc' dir='ltr'>Η</span> <span class='ocrx_word' id='word_1_239' title='bbox 1101 4275 1133 4320; x_wconf 79' lang='grc'>74</span> <span class='ocrx_word' id='word_1_240' title='bbox 1147 4271 1235 4320; x_wconf 87' lang='lat' dir='ltr'>fletus.</span> <span class='ocrx_word' id='word_1_241' title='bbox 1250 4268 1266 4342; x_wconf 94' lang='grc' dir='ltr'>Η</span> 
     </span>
     <span class='ocr_line' id='line_1_35' title="bbox 147 4365 316 4416; baseline -0.006 -3"><span class='ocrx_word' id='word_1_242' title='bbox 147 4367 178 4414; x_wconf 86' lang='grc'>76</span> <span class='ocrx_word' id='word_1_243' title='bbox 199 4365 316 4416; x_wconf 80' lang='lat' dir='ltr'>luerunt.</span> 
     </span>
    </p>
   </div>
   <div class='ocr_carea' id='block_1_5' title="bbox 0 0 1637 5010">
    <p class='ocr_par' dir='ltr' id='par_1_13' title="bbox 0 0 1637 5010">
     <span class='ocr_line' id='line_1_36' title="bbox 0 0 1637 5010; baseline 0 0"><span class='ocrx_word' id='word_1_244' title='bbox 0 0 1637 5010; x_wconf 95' lang='lat' dir='ltr'> </span> 
     </span>
    </p>
   </div>
  </div>
 </body>
</html>
