3240 5010
352 385 415 448 240
893 381 938 445 VI

269 571 334 618 1026
354 557 410 614 aer
432 571 452 614 a
474 557 565 636 tergo
589 554 680 634 quasi
705 552 859 637 provehat
881 557 978 634 atque
1000 555 1181 638 propellat.

352 685 479 750 semper
501 669 585 731 enim
608 667 725 731 eiroum
748 667 872 752 positus
894 687 947 733 res
969 669 1116 733 verberat
1137 675 1211 733 aer:

353 781 410 845 sed
434 782 490 846 tali
514 781 549 846 iit
570 783 616 846 uti
638 782 799 866 propellat
821 789 963 876 tempore
986 783 1124 865 terrum,

352 901 444 978 parte
468 895 552 976 quod
575 915 614 960 ex
638 915 703 960 una
725 896 861 980 spatium
884 903 977 961 vaoat
999 905 1030 962 et
1052 897 1139 980 capit
1159 898 1192 962 10
1215 917 1271 963 se.

271 1029 337 1076 1030
354 1010 423 1086 hie,
440 1010 497 1075 tibi
521 1029 616 1091 quem
641 1030 780 1076 memoro
794 1061 801 1079 .
817 1030 875 1092 per
898 1012 1011 1077 erebra
1035 1012 1193 1077 foramina
1216 1013 1289 1078 ferri

352 1144 469 1207 parvas
492 1124 534 1189 ad
558 1126 655 1207 partis
678 1125 835 1190 subtiliter
859 1129 1058 1210 insinuatus,

352 1239 449 1302 trudit
472 1244 503 1301 et
525 1239 668 1323 inpellit,
686 1243 775 1320 quasi
800 1261 914 1306 navem
934 1243 1069 1324 velaque
1092 1249 1224 1308 000100.

270 1373 337 1420 1034
354 1353 492 1435 denique
515 1373 565 1418 res
589 1375 699 1419 omnes
722 1356 839 1420 debent
861 1358 891 1420 io
916 1377 1050 1440 corpore
1074 1358 1193 1422 habere

353 1475 447 1542 a'e‘ra,
466 1462 726 1549 quandoquidem
750 1491 820 1533 raro
843 1479 917 1535 suut
938 1491 1070 1554 eorpore
1093 1479 1125 1536 et
1147 1479 1201 1536 000

354 1583 500 1646 0001100
524 1590 573 1647 001
595 1585 690 1649 rebus
713 1585 828 1650 eireum
852 1585 946 1650 datus
969 1587 1222 1670 adpositusque.

354 1697 404 1761 hio
427 1698 544 1781 igitur,
560 1699 687 1782 penitus
712 1701 763 1781 qui
788 1701 819 1764 io
843 1701 956 1765 ferrost
978 1700 1105 1765 abditus
1128 1707 1203 1778 aer,

355 1812 490 1875 sollieito
514 1818 599 1876 motu
622 1834 748 1899 semper
770 1816 906 1879 iactatur
928 1833 1031 1895 eoque

353 1928 501 1991 verberat
523 1929 663 1992 anellum
688 1929 785 1993 dubio
808 1930 921 2013 proeul
944 1939 976 1994 et
998 1930 1059 1994 eiet
1081 1931 1185 2011 intus,

271 2063 337 2110 1040
355 2041 492 2106 seilicet:
510 2042 564 2106 ille
588 2042 701 2106 eodem
724 2043 843 2119 fertur,
860 2064 923 2125 quo
948 2043 1168 2127 praecipitavit

353 2156 416 2220 100
440 2159 537 2221 00001
561 2164 592 2222 01
614 2166 736 2242 partem
758 2158 790 2221 iu
814 2178 946 2222 vaeuam
971 2157 1139 2223 00000100
1162 2157 1314 2241 sumpsit.

392 2271 444 2334 Fit
467 2292 594 2353 000000
618 2279 652 2335 01
675 2295 694 2336 0
716 2274 825 2357 lepide
848 2273 908 2337 hoo
930 2273 1002 2338 ferri
1026 2281 1139 2336 natura
1161 2273 1291 2337 recedat

354 2384 436 2448 inter
459 2386 554 2464 dum,
571 2388 683 2469 fugere
706 2395 803 2471 atque
826 2388 1094 2470 sequineonsueta
1117 2387 1277 2452 rioissim.

354 2493 497 2565 exultare
521 2503 617 2566 etiam
640 2504 861 2568 Samothracia
883 2502 988 2566 ferree
1009 2502 1074 2566 vidi

271 2635 337 2685 1045
355 2621 386 2678 et
407 2622 552 2681 ramenta
575 2618 669 2683 simul
690 2618 766 2683 terri
788 2618 895 2682 furere
917 2617 1003 2680 intus
1026 2616 1139 2680 ahenis

355 2730 386 2794 in
410 2731 570 2815 scaphiis,
588 2731 670 2816 lapis
695 2731 745 2795 hie
768 2734 902 2812 Magnes
925 2751 996 2796 000
1019 2729 1165 2796 subditus
1189 2738 1293 2796 esset:

288 2849 301 2878 ¹
354 2865 455 2928 usque
480 2845 562 2910 adeo
586 2845 700 2926 fugere
723 2847 763 2910 ab
787 2867 866 2911 saxo
889 2848 1007 2930 gestire
1029 2845 1170 2911 videtur.
1270 2819 1274 2834 ⁸

354 2979 429 3023 aare
451 2961 660 3044 interposito
683 2961 845 3025 discordia
866 2967 953 3026 tauta
977 2967 1102 3026 ereatur

354 3079 526 3158 propterea
547 3076 640 3157 quia,
657 3075 690 3138 ni
712 3076 845 3153 mirum,
860 3076 949 3158 prius
972 3081 1081 3140 aestus
1104 3074 1158 3138 ubi
1182 3075 1267 3140 seris

272 3210 339 3257 1050
355 3190 519 3274 praecepit
540 3189 677 3271 ferrique
699 3191 769 3256 vias
793 3191 936 3274 possedit
958 3195 1107 3274 apertas,

354 3305 513 3388 posterior
535 3305 652 3390 lapidis
673 3306 759 3370 veuit
781 3311 889 3372 aestus
913 3309 944 3367 et
966 3304 1074 3368 omnia
1095 3304 1194 3386 plena

354 3419 475 3484 invenit
496 3420 528 3482 iu
552 3419 657 3503 ferro,
674 3439 777 3501 neque
799 3419 899 3484 habet
921 3439 984 3501 000
1006 3425 1113 3484 tranet
1135 3424 1283 3484 utente:

356 3535 479 3628 cogitur
502 3533 660 3598 offensare
682 3534 777 3618 igitur
799 3535 990 3618 pulsareque
1012 3534 1109 3600 110010

355 3649 463 3714 ferrea
485 3654 571 3712 texta
593 3668 671 3727 suo;
688 3669 750 3730 quo
773 3654 867 3734 paeto
892 3651 1013 3733 respuit
1035 3650 1077 3714 ab
1101 3667 1136 3712 se

273 3786 339 3832 1055
357 3770 452 3845 atque
475 3783 532 3846 per
554 3783 610 3827 000
632 3765 752 3847 agitat,
768 3763 837 3828 sine
860 3785 898 3829 eo
922 3764 1008 3846 quod
1031 3782 1128 3846 saepe
1150 3761 1315 3828 resorbet.

396 3876 479 3940 lllud
501 3878 533 3941 iu
555 3877 604 3941 his
627 3877 723 3941 rebus
746 3878 854 3941 mirari
878 3879 985 3961 mitte,
1002 3877 1090 3960 quod
1112 3881 1221 3941 aestus

355 4013 420 4056 nou
443 3993 529 4058 valet
552 4013 569 4058 e
592 3990 700 4076 lapide
722 3991 785 4057 hoe
806 3993 888 4058 01100
909 3992 1073 4077 impellere
1096 3993 1171 4058 item
1193 4010 1266 4056 res.

361 4271 426 4318 1020
446 4267 480 4314 Er
505 4265 519 4335 ΙΙ
548 4270 614 4318 1032
634 4267 730 4319 ventis.
756 4267 768 4336 [Ι
796 4271 862 4318 1040
886 4269 932 4321 1110
958 4264 971 4339 Η
1001 4269 1065 4318 1046
1089 4267 1182 4335 0000110
1206 4263 1219 4340 ΙΙ
1247 4269 1311 4314 1047
1333 4281 1349 4314 0
1374 4261 1388 4331 Η
1414 4265 1480 4314 1050

359 4355 399 4403 his
418 4355 473 4404 eis.
