3236 5020
702 375 735 438 11

157 545 320 628 sicigitur
342 545 461 610 debent
482 546 630 609 flammae
654 565 780 626 000000
802 565 898 629 posse
920 565 979 630 per
1002 565 1098 610 eruas

156 660 239 724 aeris
262 680 433 743 expressae
457 680 580 724 sursum
604 660 795 741 succedere,
820 679 1014 741 quemquam

67 795 131 841 205
157 773 323 857 pondere,
347 781 500 855 quantum
523 773 627 838 estin
650 791 705 848 00,
729 772 878 838 deorsum
900 773 1014 839 ducere
1037 781 1199 860 pugnent.

157 895 395 969 nocturnasque
417 889 506 954 laces
529 887 631 969 00011,
655 885 790 950 sublime
811 888 969 971 volantis,

156 1022 263 1066 nonne
285 1002 375 1068 vides
397 1003 512 1086 longos
534 1002 735 1066 flemmarum
758 1000 875 1066 ducere
897 1009 1015 1067 tractus

158 1118 190 1180 in
214 1136 295 1197 quas
318 1137 453 1198 cumque
474 1117 563 1182 dedit
583 1116 683 1200 partis
705 1121 820 1180 natura
843 1117 1011 1181 mestum?

156 1252 220 1296 uon
243 1231 354 1296 cadere
377 1231 411 1295 in
433 1236 550 1296 terrem
572 1231 682 1294 stellas
704 1237 735 1294 01
757 1231 862 1295 sidera
886 1231 1014 1296 cernis?

70 1367 132 1412 210
157 1346 207 1410 001
230 1346 324 1410 etiem
347 1367 470 1411 summo
493 1345 533 1409 de
555 1345 673 1410 vertice
696 1343 832 1428 dissipet
854 1347 957 1410 omnis

156 1459 303 1524 ardorem
325 1461 358 1524 10
380 1460 481 1543 partis
504 1465 535 1522 et
556 1457 675 1521 lumine
699 1460 837 1522 conserit
860 1479 958 1523 arva:

157 1574 191 1636 in
211 1579 316 1636 terras
337 1574 435 1653 igitur
457 1591 584 1652 quoque
608 1571 685 1635 solis
707 1573 847 1655 vergitur
869 1572 986 1637 ardor.

158 1692 424 1765 transversosque
447 1684 557 1749 volere
579 1705 640 1769 per,
656 1684 767 1750 imbris
788 1685 924 1750 fulmina
947 1689 1069 1771 cernis,

160 1819 244 1863 nunc
267 1799 340 1862 bine
361 1818 446 1864 0000
467 1799 554 1862 111100
577 1800 703 1883 abrupti
725 1801 862 1865 nubibus
880 1802 973 1881 ignes

74 1935 132 1981 210
158 1919 366 1977 concursant:
392 1911 476 1975 cadit
497 1913 530 1975 in
553 1919 655 1977 terras
678 1914 725 1982 ris
748 1915 897 1980 flammea
922 1915 1039 1996 volgo.

198 2027 280 2090 lllud
302 2027 334 2088 in
358 2025 407 2090 bis
430 2046 556 2107 quoque
578 2033 609 2090 te
631 2028 726 2093 rebus
750 2048 943 2111 cognoscere
967 2051 1118 2115 avernus,

156 2161 289 2224 corpora
313 2161 384 2205 cum
408 2140 554 2204 deorsum
578 2149 696 2206 rectum
720 2145 895 2226 perinane
917 2146 1079 2221 feruntur,

156 2256 352 2339 ponderibus
374 2255 512 2338 propriis
533 2256 655 2321 incerto
678 2263 821 2340 ternpore
843 2259 942 2322 fenne

157 2370 348 2451 incertisque
371 2369 433 2434 loci
456 2371 568 2453 spatiis
591 2369 749 2434 decollere
772 2373 921 2456 paulurn,

67 2487 129 2552 ’220
156 2490 279 2548 tanturn
302 2485 387 2565 quod
410 2502 535 2548 momen
558 2490 713 2546 mutatum
736 2484 843 2550 dicere
866 2487 993 2568 possis.

158 2598 243 2680 0000
265 2600 325 2662 0101
351 2597 512 2662 declinere
536 2597 694 2679 solerent,
718 2599 826 2661 omnia
849 2599 1018 2680 deorsum,

155 2713 266 2778 imbris
289 2713 335 2776 uti
358 2719 487 2793 guttae,
512 2709 662 2775 caderent
685 2731 741 2793 per
763 2712 858 2776 10000
880 2711 1094 2795 profundum,

157 2847 216 2894 000
238 2827 323 2891 foret
345 2825 485 2888 offensus
508 2831 602 2890 00100
625 2845 685 2890 000
707 2827 805 2910 plaga
827 2835 936 2891 creata
1151 2805 1155 2812 Ι

157 2940 339 3025 principiis:
363 2940 475 3004 110011
498 2959 647 3019 uunquam
672 2948 786 3006 natura
810 2950 971 3008 creasset.

74 3075 128 3121 220
201 3053 293 3129 Quod
317 3055 343 3120 si
368 3055 448 3120 forte
472 3056 588 3136 aliquis
612 3055 710 3120 credit
731 3059 881 3138 graviora
902 3068 1031 3143 potesse

157 3187 311 3252 corpore,
336 3190 397 3251 000
422 3170 513 3234 011100
537 3176 656 3234 rectum
680 3173 854 3254 perinane
877 3173 1041 3248 feruntur,

157 3281 298 3347 incidere
321 3304 359 3347 ex
383 3303 499 3367 supero
522 3284 716 3362 levioribus,
740 3295 837 3367 01000
860 3288 905 3350 110
926 3288 1041 3369 plagas

157 3397 309 3481 gignere,
334 3417 418 3480 0000
440 3399 564 3482 possint
585 3398 736 3482 genitalis
757 3391 893 3464 reddere
913 3409 1037 3475 motus,

157 3511 247 3576 avius
269 3532 289 3576 0
311 3523 389 3578 vere
412 3514 507 3598 longe
529 3515 653 3578 ratione
677 3512 816 3578 recedit.
888 3518 895 3534 ·

77 3645 130 3692 nso
157 3646 231 3692 narn
253 3647 310 3710 per
333 3649 435 3707 aquus
458 3649 541 3710 0000
565 3647 699 3709 cumque
722 3628 957 3710 00000101000
979 3637 1055 3694 0100
1078 3651 1204 3708 rerum,

157 3737 239 3804 haec
260 3761 318 3823 pro
342 3740 535 3823 ponderibus
559 3763 652 3808 casus
675 3744 815 3808 celerare
838 3750 1002 3810 necessest

158 3859 331 3938 propterea
353 3853 429 3934 0010
452 3875 567 3936 corpus
589 3877 696 3938 00000
719 3865 896 3940 naturaque
917 3861 1020 3925 tenvis

160 4037 361 4044 .—--—---——-

161 4157 211 4203 203
231 4169 331 4217 quoque
348 4126 440 4204 deberlt
458 4154 558 4202 flumme
579 4153 591 4220 Η
612 4158 661 4204 205
682 4169 803 4219 quantum
821 4161 886 4210 inest
906 4159 918 4228 11
940 4163 989 4210 209
1009 4162 1125 4211 caderem
1140 4159 1245 4209 interra
1265 4159 1278 4229 Η

162 4244 213 4290 210
232 4257 328 4290 summo
348 4243 487 4294 emissum.
508 4241 521 4310 ll
543 4245 593 4290 218
608 4243 693 4291 firme.
714 4241 728 4311 ll
749 4248 798 4294 219
816 4248 879 4296 10010
891 4249 973 4312 spatio
986 4248 1110 4310 depellere
1130 4245 1143 4315 Η
1165 4248 1278 4296 222110-

163 4328 219 4378 bres
240 4325 253 4396 ll
274 4331 322 4378 221
342 4329 418 4394 plag.
440 4327 453 4399 ΙΙ
474 4333 524 4380 229
543 4331 625 4379 Aulus
