3236 5020
699 403 731 468 11

149 576 319 654 praeterea
341 591 477 653 maguae
499 573 643 655 legiones
666 591 736 636 oum
760 574 830 638 loca
853 593 946 638 cursu

151 703 336 767 camporum
359 686 538 769 complent,
555 686 633 750 belli
655 686 825 750 simulacra
849 688 988 771 cientes,

64 818 120 866 325
148 797 254 881 iirlgor
275 799 321 862 ibi
343 797 386 862 ad
410 799 533 863 caelum
557 819 591 864 se
613 800 716 876 tollit,
733 805 862 881 totaque
886 801 1003 867 circum

148 931 225 976 aere
247 911 419 977 renidescit
440 913 554 988 tellus,
572 918 743 996 supterque
766 914 868 979 virum
888 916 918 979 vi

149 1027 271 1092 excitur
292 1027 431 1110 pedibus
453 1027 594 1104 sonitus,
612 1028 814 1109 clamoreque
836 1033 962 1094 montes

148 1141 204 1204 icti
225 1141 379 1205 reiectant
402 1160 498 1205 voces
521 1141 563 1204 ad
585 1141 691 1206 sidera
713 1142 844 1227 mundi,

150 1259 182 1318 et
203 1254 319 1321 circum
342 1255 475 1320 volitant
496 1255 620 1336 equites
644 1257 831 1339 mediosque
853 1263 985 1340 repente

66 1389 122 1435 330
150 1370 326 1434 tramittunt
346 1369 452 1435 valido
476 1370 655 1450 quatientes
677 1371 793 1452 impete
816 1391 967 1452 campos:

151 1491 182 1550 et
203 1491 308 1548 tamen
332 1488 381 1548 est
402 1483 532 1564 qnidam
551 1484 642 1549 locus
665 1484 739 1548 altis
760 1485 939 1566 montibus,
958 1484 1043 1548 unde
1155 1493 1171 1521 ⁹

151 1605 235 1661 stare
256 1596 402 1660 videntur
425 1601 457 1660 et
478 1597 513 1659 in
534 1598 654 1680 campis
677 1598 851 1662 consistere
873 1597 999 1678 fulgor.
1066 1664 1069 1685 1

191 1711 285 1773 Nunc
307 1728 389 1792 age,
405 1709 469 1773 1313
492 1710 641 1794 deinceps
665 1719 848 1776 cunctarum
870 1711 1003 1774 exordia
1025 1732 1129 1776 rerum

39 1898 42 1902 ,
154 1823 265 1904 333113
286 1821 349 1886 sint
370 1828 400 1886 et
422 1843 515 1903 33313
538 1825 634 1905 longe
657 1825 809 1889 distantia
832 1824 943 1890 formis

30 1987 32 1990 .
70 1955 126 2002 333
152 1938 301 2020 percipe,
318 1939 499 2019 multigenis
522 1959 617 2020 quam
639 1940 703 2003 sint
724 1941 849 2004 variata
871 1939 1004 2020 figuris;

150 2070 214 2114 non
236 2071 298 2132 quo
322 2053 422 2115 multa
444 2073 555 2134 parum
579 2054 673 2118 simili
696 2054 759 2118 sint
780 2052 929 2136 praedita
951 2051 1075 2135 forma,

151 2163 210 2228 sed
233 2165 308 2246 3313
330 2185 394 2229 303
416 2167 511 2249 volgo
535 2167 626 2248 paria
647 2168 795 2232 omnibus
819 2166 926 2230 omnia
949 2172 1114 2230 constent.

150 2298 209 2343 1133
231 2280 364 2342 mirum:
383 2300 457 2343 nanu
480 2300 551 2344 cum
573 2281 615 2352 sit
639 2300 747 2344 eorum
771 2281 864 2362 copia
887 2285 998 2350 13313,

150 2397 186 2454 111
206 2411 310 2474 33333
332 2393 423 2470 11313,
441 2396 487 2458 311
508 2395 622 2470 docui,
639 2413 743 2475 neque
767 2413 890 2458 summa
913 2394 954 2455 sit
976 2391 1064 2468 3113,

73 2524 124 2571 340
151 2505 267 2571 11311331
280 2559 287 2584 ,
302 2508 334 2570 31
359 2507 491 2590 mirum,
508 2527 573 2570 non
597 2508 743 2570 omnibus
767 2505 874 2570 omnia
896 2525 1042 2587 prorsum

150 2639 223 2685 esse
246 2621 317 2703 pari
338 2589 575 2698 fil0⁰similique
598 2617 728 2682 adfecta
750 2619 876 2698 figura.

150 2709 332 2815 parturiunt
353 2753 455 2814 genus
479 2732 652 2796 humanum
675 2738 845 2813 mutaeque
869 2735 1017 2793 natantes

152 2847 390 2929 squamigerum
413 2845 554 2928 pecudes
576 2847 712 2910 3113313
734 2850 878 2908 armenta
901 2845 1074 2926 feraeque,

153 2960 316 3024 31131133
338 2961 504 3043 volucres,
520 2959 675 3024 laetantia
698 2978 780 3039 quae
802 2959 875 3023 loca
898 2978 1054 3039 aquarum

75 3095 125 3143 313
152 3073 379 3139 concelebrant
402 3073 519 3139 circum
542 3074 629 3158 ripas
651 3073 812 3154 1031133113
834 3074 1009 3154 13333333,

153 3193 185 3252 31
208 3207 289 3269 3333
311 3190 500 3271 pervolgant
521 3209 653 3254 nemora
676 3189 749 3251 avia
771 3188 1018 3270 periclitantem

153 3321 287 3383 quornm
310 3321 405 3366 unum
429 3302 554 3384 quidvis
578 3303 753 3384 generatim
778 3320 903 3364 sumere
924 3319 1045 3387 perge:

154 3416 296 3480 invenies
319 3421 426 3480 131333
449 3418 530 3482 13131
553 3438 588 3482 33
609 3415 736 3479 differre
759 3413 891 3492 figuris.

153 3549 212 3595 neo
234 3529 357 3594 ratione
380 3530 447 3594 alia
469 3533 576 3614 proles
599 3547 793 3611 cognoscere
817 3529 949 3587 matrem

81 3663 129 3710 300
155 3665 215 3708 nec
236 3652 337 3707 mater
358 3653 468 3725 posset
489 3645 633 3728 prolem;
653 3644 739 3723 quod
761 3659 858 3722 posse
880 3637 1045 3722 videmus,

156 3778 215 3823 nec
238 3758 341 3821 minus
364 3763 461 3836 31333
484 3759 628 3821 homines
652 3757 733 3822 inter
756 3776 790 3820 se
813 3763 889 3820 nota
913 3757 1037 3821 oluere.

154 3893 228 3936 3313
250 3889 350 3953 saepe
373 3875 445 3932 ante
468 3868 562 3933 deum
586 3871 702 3936 vitulus
726 3871 860 3935 delubra
883 3869 999 3934 decora

155 3987 341 4050 turicremas
363 3988 492 4065 propter
514 3988 670 4048 mactatus
693 3986 831 4050 concidit
853 4005 947 4062 aras,

160 4251 209 4298 333
234 4247 278 4297 nbi
300 4245 312 4315 Η
333 4250 381 4298 331
403 4247 470 4296 unde
494 4245 633 4298 omissum.
654 4239 668 4312 Η
689 4248 737 4296 337
758 4257 872 4299 constat.
894 4245 907 4318 11
928 4251 977 4298 343
997 4249 1115 4295 Praetere
1135 4241 1149 4312 Η
1169 4247 1218 4296 343
1238 4263 1277 4296 ar·

160 4335 235 4392 busta
254 4333 269 4410 ll
290 4338 339 4384 347
360 4333 466 4401 quodvis

1026 4425 1075 4500 4*
