3266 4994
354 383 414 446 130
885 373 942 434 1111

275 569 326 616 455
350 554 416 612 tum
440 546 574 628 vigilare
597 551 704 609 tamen
727 542 820 609 nobis
842 547 873 607 et
894 543 1038 607 membra
1060 561 1188 608 movere

351 668 461 729 nostra
481 661 645 738 videmur,
662 665 694 725 et
716 660 748 723 in
771 661 873 723 noctis
896 658 1034 742 caligine
1057 677 1156 723 caeca

352 795 482 843 cernere
505 795 672 872 censemus
695 773 795 838 solem
818 774 989 855 lumenque
1012 774 1179 856 diurnum,

355 893 570 974 conclusoque
592 891 663 956 loco
689 893 813 955 caelum
835 910 924 956 mare
947 888 1077 953 flumina
1099 887 1215 952 montis

352 1014 474 1072 mutare
497 1012 528 1070 et
550 1026 680 1090 campus
702 1006 839 1091 pedibus
861 1006 996 1070 transire
1019 1004 1185 1086 videmur,

278 1144 329 1190 460
355 1128 386 1187 et
409 1123 530 1187 sonitus
552 1122 686 1205 audire,
702 1141 816 1186 severa
838 1120 965 1185 silentia
987 1121 1088 1186 noetis

353 1236 496 1317 undiquc
519 1258 589 1301 cum
613 1242 777 1313 constent,
793 1241 824 1301 et
848 1235 982 1301 reddere
1005 1236 1089 1300 dicta
1111 1239 1272 1300 tacentes.

352 1357 459 1416 cetera
482 1349 522 1414 de
544 1370 662 1432 genere
684 1349 745 1415 hoc
767 1350 889 1416 miracli
912 1350 1012 1415 multa
1034 1350 1199 1426 videmus,

355 1484 436 1547 quae
458 1465 579 1529 violare
602 1465 697 1530 fidem
720 1465 814 1547 quasi
837 1465 984 1530 sensibus
1007 1466 1115 1529 omnia
1138 1467 1315 1546 quaerunt,

353 1598 394 1645 ne
418 1579 590 1661 quiquam,
608 1580 759 1660 quoniam
780 1600 856 1662 pars
879 1580 991 1643 horum
1015 1577 1156 1642 maxima
1178 1576 1260 1640 fallit

279 1699 330 1761 405
354 1699 485 1778 prepter·
508 1695 654 1776 opinatus
677 1695 797 1772 animi,
814 1714 895 1775 ques
918 1693 1066 1759 addimus
1087 1693 1169 1774 ipsi,

353 1829 410 1891 pro
434 1808 510 1873 visis
533 1815 567 1873 nt
590 1810 652 1874 sint
675 1829 758 1890 quac
781 1830 846 1874 non
868 1816 942 1873 sunt
964 1807 1102 1874 sensibu’
1125 1808 1217 1872 visa:

356 1943 430 1986 nam
453 1925 498 1988 nii
520 1925 649 2007 aegrius
673 1933 721 1991 est
743 1945 840 2007 qnam
863 1944 916 1988 res
939 1942 1107 1988 secernere
1131 1929 1260 2006 apertas

355 2038 395 2102 ab
421 2037 545 2124 dubiis,
563 2041 688 2105 animus
712 2061 790 2122 quas
813 2041 855 2104 ub
879 2059 914 2105 se
936 2039 1080 2121 protinus
1103 2037 1212 2102 addit.

393 2154 541 2235 Denique
564 2155 608 2219 nii
632 2156 705 2220 sciri
728 2155 827 2237 siquis
850 2160 959 2238 putat,
977 2154 1009 2217 id
1033 2172 1160 2235 quoque
1183 2152 1284 2216 nescit

280 2288 331 2333 450
357 2287 398 2331 an
421 2267 495 2331 sciri
517 2269 638 2352 possit,
656 2269 806 2350 quoniam
830 2270 873 2333 nii
895 2269 977 2334 scire
999 2268 1136 2332 fatetur.

353 2381 438 2445 hunc
460 2383 556 2464 igitur
578 2389 690 2448 contra
713 2384 835 2448 mittam
859 2383 1049 2449 contendere
1074 2403 1224 2465 causam,

357 2497 410 2576 qui
434 2498 538 2580 capite
562 2497 632 2581 ipse
655 2519 714 2606 sua
736 2499 769 2562 in
791 2499 900 2564 statuit
922 2498 1057 2582 vestigia
1079 2517 1172 2562 sese.

357 2614 516 2674 ettamen
539 2612 599 2676 hoc
622 2633 750 2696 quoque
772 2615 818 2678 uti
841 2613 1013 2680 concedam
1036 2613 1136 2695 scire,
1154 2617 1188 2676 at
1209 2612 1242 2676 id
1264 2612 1369 2697 ipsnm

358 2743 528 2810 quaeram,
546 2747 617 2792 cum
639 2729 672 2794 in
693 2730 788 2800 rebus
810 2729 877 2794 veri
899 2728 946 2791 nil
968 2727 1082 2792 viderit
1104 2732 1201 2800 ante,

281 2858 331 2904 455
357 2839 442 2903 unde
466 2840 545 2904 sciat
568 2832 645 2923 quid
667 2845 709 2908 sit
730 2843 811 2908 scire
834 2850 865 2907 et
887 2841 1009 2906 nescire
1032 2841 1192 2924 vicissim,

356 2953 503 3016 notitiam
525 2955 590 3019 veri
614 2976 769 3037 quaeres
792 2957 931 3036 falsique
954 2954 1087 3036 crearit,

357 3072 389 3130 et
411 3065 541 3130 dubium
565 3074 651 3133 certo
676 3089 758 3150 quae
781 3089 832 3134 res
855 3070 981 3133 differre
1002 3069 1164 3152 probarit.

357 3179 499 3245 invenies
522 3181 632 3264 primis
656 3183 695 3246 ab
718 3184 864 3249 sensibus
887 3203 958 3249 esse
981 3191 1121 3248 creatam

358 3292 501 3356 notitiem
521 3295 610 3378 veri,
627 3316 732 3378 neque
754 3315 867 3362 sensns
889 3318 986 3382 posse
1008 3297 1131 3364 refelli.

283 3423 333 3470 480
357 3424 430 3467 nam
454 3408 572 3472 maiore
594 3408 657 3475 fide
681 3409 775 3475 debet
797 3412 964 3495 reperirier
985 3412 1085 3486 illud,

357 3524 472 3601 sponte
495 3540 554 3585 sua
576 3524 661 3589 veris
684 3526 769 3607 quod
791 3527 894 3610 pessit
915 3526 1042 3591 vincere
1064 3525 1170 3589 falsa:

358 3631 433 3711 quid
456 3634 574 3700 maiore
596 3636 657 3710 tide
679 3661 894 3723 pernequam
917 3659 1030 3704 sensus
1053 3640 1166 3704 haberi

357 3743 480 3808 debet?
496 3770 537 3813 an
559 3753 599 3816 ab
623 3773 718 3817 sensu
740 3754 822 3817 falsu
845 3753 926 3818 ratio
951 3758 1021 3818 orta
1042 3753 1163 3817 vaiebit

356 3858 464 3924 dicere
487 3880 543 3927 eos
567 3871 697 3949 contra,
715 3884 798 3945 quae
820 3870 889 3928 tota
911 3867 951 3928 ab
974 3868 1121 3932 sensibus
1144 3873 1215 3932 ortu
1237 3867 1314 3932 est?

280 3990 331 4036 485
357 3973 410 4054 qui
432 3975 493 4039 nisi
517 3983 590 4041 sunt
612 3979 698 4061 veri,
715 3977 798 4042 ratic
822 3996 948 4060 quoque
970 3980 1053 4046 falsa
1075 3983 1109 4046 tit
1130 3982 1254 4047 omnis.

357 4241 541 4290 retrudentur
565 4239 578 4309 Η
603 4243 655 4290 460
674 4242 785 4290 montis.
811 4240 823 4311 Η
849 4247 900 4292 462
919 4246 1033 4295 mirande
1054 4243 1136 4313 11471
1158 4246 1264 4295 mitnum
1288 4245 1302 4314 ΙΙ
1328 4243 1478 4314 47255011

358 4329 409 4373 475
429 4327 561 4374 vicissem.
583 4325 596 4394 Η
616 4332 667 4376 479
686 4343 759 4376 sensu
1051 4318 1054 4326 ¹
