3236 5020
697 427 727 488 ΙΙ

88 620 126 666 eo
197 596 231 659 si
254 615 380 661 cessare
402 602 495 679 putas
520 616 621 659 rerum
644 594 819 679 primordia
841 615 936 678 posse

153 712 376 793 cessandoque
399 731 499 776 novos
522 732 627 774 rerum
649 711 841 794 progignere
864 718 987 788 motus,

154 827 245 890 avius
268 847 289 890 a
311 846 388 891 vera
410 827 507 906 longe
530 827 654 890 ratione
678 825 826 906 vagaris.

154 962 227 1004 narn
252 942 401 1021 quoniam
424 960 481 1024 per
501 939 596 1005 inane
617 946 796 1020 vagantur,
821 945 934 1004 cuncta
957 945 1119 1003 necessest

154 1062 209 1119 aut
231 1055 387 1138 gravitate
410 1074 468 1118 sua
489 1053 566 1119 ferri
587 1055 762 1138 primordia
784 1057 908 1137 rerum,

90 1192 126 1238 85
155 1176 210 1235 aut
231 1170 296 1234 ictu
319 1169 400 1233 forte
424 1170 573 1234 alterius.
590 1189 664 1232 nam
688 1190 759 1234 curn
783 1169 846 1233 cita
869 1189 967 1252 saepe

155 1286 250 1349 obvia
273 1283 462 1359 conflixere,
479 1284 513 1346 fit
535 1290 570 1346 ut
593 1283 719 1348 diversa
741 1293 871 1370 repente

156 1399 334 1464 dissiliant:
349 1417 455 1479 neque
479 1399 563 1462 eninr
586 1400 719 1476 mirum,
736 1377 908 1463 durissima
931 1417 1013 1478 quae
1037 1395 1100 1460 sint

153 1512 348 1596 ponderibus
372 1511 485 1575 solidis
508 1532 611 1592 neque
636 1516 806 1594 quiequam
830 1533 850 1576 a
872 1520 962 1593 tergo
983 1511 1056 1575 ibus
1080 1510 1202 1572 obstet.

159 1631 190 1688 et
213 1645 275 1704 quo
299 1625 412 1687 iactari
435 1625 538 1706 magis
561 1627 668 1689 omnia
691 1627 836 1690 materiai

97 1760 133 1805 so
159 1758 294 1820 corpora
316 1738 506 1823 pervideas,
524 1741 727 1805 reminiscere
749 1741 845 1804 totius
866 1742 962 1804 imunr

157 1853 202 1915 nil
226 1871 297 1915 esse
319 1852 351 1914 in
376 1872 518 1930 summa,
544 1873 645 1934 neque
669 1855 786 1919 habere
810 1855 861 1918 ubi
886 1875 1022 1938 corpora
1044 1853 1148 1936 prima

155 1967 352 2043 consistant3
370 1966 517 2046 quoniam
541 1970 677 2052 spatium
701 1969 769 2033 sine
791 1969 854 2034 fine
877 1971 1086 2051 modoquest,

153 2082 395 2175 inmensumque
418 2087 528 2163 patere
552 2083 584 2146 in
608 2089 739 2147 cunctas
761 2083 902 2164 undique
925 2082 1026 2166 partis

155 2194 299 2278 pluribus
322 2195 447 2260 ostendi
469 2202 500 2259 et
522 2202 609 2260 certa
631 2199 755 2262 ratione
777 2199 996 2280 probatumst.

97 2333 130 2378 cs
157 2308 414 2391 quodquoniam
438 2316 581 2388 constat,
598 2313 631 2374 ni
655 2313 787 2390 mirum,
805 2312 893 2375 nulla
916 2311 1005 2392 quies
1029 2318 1078 2374 est

155 2422 281 2488 reddita
304 2424 488 2505 corporibus
510 2423 621 2506 primis
642 2445 700 2507 per
723 2426 820 2488 inane
842 2425 1056 2507 profundum,

157 2537 214 2601 sed
237 2537 341 2618 magis
365 2535 501 2616 adsiduo
524 2538 678 2619 varioque
701 2539 840 2602 exercita
863 2545 947 2601 motu

155 2651 272 2736 partim
296 2650 473 2716 intervallis
496 2651 622 2731 magnis
645 2650 787 2715 confulta
811 2652 984 2726 resultant,

156 2787 230 2848 pars
253 2764 350 2829 etiam
372 2764 523 2828 brevibus
546 2765 656 2847 spatiis
679 2770 837 2828 vexantur
859 2765 899 2828 ab
922 2765 1005 2829 ictu.

81 2903 132 2949 roo
160 2886 192 2945 et
214 2899 300 2961 quae
322 2897 457 2959 eumque
480 2879 581 2961 magis
604 2879 765 2944 condenso
789 2880 957 2944 conciliatu

159 2995 285 3076 exiguis
307 2983 483 3058 intervallis
507 3001 659 3059 convecta
681 2995 854 3078 resultant,
881 3044 899 3074 ,

158 3108 348 3192 indupedita
370 3109 437 3173 suis
458 3111 620 3192 perplexis
642 3111 714 3194 ipsa
736 3111 868 3192 figuris,

158 3224 238 3288 haec
259 3223 386 3288 validas
409 3225 479 3288 saxi
501 3223 627 3289 radices
651 3232 683 3290 et
705 3225 774 3290 fera
796 3224 873 3288 ferri

152 3335 293 3420 'corpora
316 3339 525 3418 constituunt)
543 3344 574 3401 et
596 3344 705 3402 cetera
727 3338 767 3402 de
790 3357 909 3420 genere
932 3338 1043 3400 horum

86 3474 135 3520 ros
161 3452 298 3534 paucula
320 3471 404 3532 quae
428 3472 521 3535 porro
545 3473 695 3534 magnum
718 3472 775 3534 per
796 3451 892 3513 inane
914 3456 1092 3533 vagantpr.

161 3571 265 3630 cetera
287 3565 449 3630 dissiliunt
470 3567 566 3647 longe
580 3617 587 3639 ‚
603 3566 763 3647 longeque
784 3569 950 3628 recursant

159 3679 192 3743 in
215 3680 338 3762 magnis
360 3679 537 3744 intervallis
551 3706 558 3742 ι
574 3681 655 3744 haee
675 3687 750 3744 aera
769 3699 875 3755 rarum

160 3793 320 3859 sufficiunt
342 3793 435 3858 nobis
458 3800 489 3856 et
510 3793 682 3876 splendida
704 3792 824 3857 lumina
846 3792 944 3870 solis,

158 3908 322 3989 multaque
343 3910 510 3990 praeterea
533 3927 683 3989 magnum
705 3929 763 3992 per
784 3909 881 3973 inane
901 3913 1078 3990 vagantur,

88 4045 135 4092 110
161 4021 304 4110 conciliis
327 4040 431 4084 rerum
456 4039 538 4100 quae
561 4029 632 4086 sunt
654 4023 774 4090 reiecta
796 4042 855 4088 neo
877 4041 1011 4102 usquam
1034 4083 1049 4110 ο

163 4291 197 4338 84
216 4289 275 4338 terri
301 4286 314 4356 Η
338 4291 371 4337 85
390 4303 448 4336 cum
467 4285 606 4336 omissum.
634 4281 646 4352 Η
673 4288 705 4333 86
725 4286 867 4335 conflexere
888 4285 900 4354 ll
921 4287 957 4335 nti
984 4283 997 4352 Η
1025 4287 1057 4333 88
1076 4285 1188 4348 tergibus
1213 4283 1226 4351 ll
1253 4289 1286 4335 94

163 4377 273 4425 ostendit
291 4385 317 4425 et
336 4371 349 4444 ΙΙ
370 4377 401 4425 95
420 4376 501 4424 multe
520 4371 533 4441 ΙΙ
555 4375 586 4424 99
606 4373 705 4422 brevius
725 4369 739 4440 Η
760 4375 810 4420 104
829 4374 860 4421 de
878 4360 1018 4424 onerum.
1039 4368 1052 4439 ll
1074 4373 1123 4420 105
1143 4372 1257 4422 Pauouia
