3266 4994
341 352 400 414 104
876 345 926 408 III

340 535 440 598 quare
463 516 595 582 dissolui
618 534 744 596 quoque
768 515 886 580 debent
906 535 1002 599 posse
1024 533 1083 598 per
1105 521 1211 598 artus,

340 629 478 712 denique
501 637 536 694 ut
558 631 716 695 intereant
738 650 802 693 una
824 649 895 694 cum
918 649 1051 714 corpore
1074 635 1226 694 cunetae.

266 762 315 808 700
341 744 390 807 sin
413 747 536 809 animas
557 745 719 810 hominum
743 742 848 808 dicent
870 745 902 808 in
926 764 1060 829 corpora
1084 763 1212 828 semper

340 855 387 920 ire
410 855 569 942 hnmana,
585 869 692 928 tamen
715 877 867 938 quaeram
889 879 944 923 our
967 877 985 922 0
1007 857 1145 941 sapienti

340 975 434 1038 stulta
458 982 553 1057 queat
574 976 662 1052 77077,
678 992 739 1037 neo
760 969 901 1055 prudens
924 971 964 1034 sit
985 990 1065 1055 puer
1087 971 1192 1054 ullus,

267 1106 316 1152 704
340 1093 488 1153 nectam
512 1091 625 1154 doctus
648 1108 748 1169 equae
770 1085 878 1167 pullus
902 1104 998 1165 quam
1021 1084 1112 1148 fmtis
1135 1085 1208 1166 equi
1231 1084 1306 1150 vis?

340 1201 479 1279 scilicet,
496 1201 529 1264 in
551 1207 662 1266 tenero
685 1207 888 1265 tenerascere
912 1217 1046 1282 corpore
1067 1205 1207 1263 mentem

341 1315 545 1400 confugient.
564 1314 652 1396 quod
675 1314 703 1378 si
725 1313 788 1376 iarn
811 1311 864 1388 fit,
880 1312 1000 1376 fateare
1023 1318 1186 1377 necessest

340 1431 509 1495 mortalem
532 1449 603 1496 esse
626 1429 785 1511 animam,
804 1426 955 1508 quoniam
977 1432 1099 1490 mutata
1120 1446 1179 1510 per
1202 1433 1289 1492 artus

340 1547 428 1605 tanto
453 1562 549 1626 opere
572 1543 687 1606 amittit
707 1543 806 1606 vitam
829 1560 1020 1621 sensumque
1041 1543 1200 1625 priorem.

340 1675 442 1736 quove
467 1656 560 1721 modo
584 1657 699 1738 poterit
720 1656 840 1739 pariter
863 1675 932 1719 oum
956 1675 1089 1739 corpore
1113 1676 1240 1738 quoquc

267 1788 315 1835 770
342 1770 527 1834 confirmata
550 1770 687 1852 cupitum
711 1770 828 1834 aetatis
850 1775 984 1852 tangere
1007 1769 1116 1835 florem

339 1885 389 1947 770
411 1883 530 1960 animi,
546 1884 609 1947 nisi
632 1882 691 1949 erit
714 1902 845 1947 consors
868 1884 901 1946 in
925 1883 1047 1965 origine
1070 1882 1200 1966 prima?

341 1997 457 2078 quidve
480 1997 567 2062 foras
589 1997 649 2062 sibi
671 1997 740 2062 vult
762 1997 911 2060 membris
934 1997 1022 2060 exire
1046 1997 1210 2060 senectis?
1290 2063 1292 2066 .

340 2131 384 2175 an
405 2112 516 2176 metuit
539 2112 693 2176 conclusa
715 2130 846 2174 manere
869 2111 901 2174 in
926 2130 1058 2194 corpore
1082 2111 1186 2195 putri,

341 2230 372 2288 07
393 2225 507 2290 domus
529 2225 643 2290 aetatis
667 2225 770 2308 spatio
794 2244 834 2289 ne
856 2225 942 2289 fessa
964 2229 1089 2288 vetusto

267 2357 315 2406 775
341 2339 481 2402 obruat?
497 2344 530 2401 at
552 2359 616 2402 non
639 2345 713 2402 sunt
734 2339 905 2404 immortali
926 2339 994 2403 ulla
1016 2339 1157 2422 pericla.

383 2453 529 2534 Denique
553 2453 690 2518 conubia
712 2453 756 2518 ad
778 2453 924 2532 Veneris,
935 2460 1107 2537 partusque
1129 2453 1268 2518 ferarum

340 2586 412 2631 esse
436 2567 561 2632 animas
583 2574 691 2652 presto
715 2568 923 2633 deridiculum
946 2588 1019 2634 esse
1042 2569 1185 2652 videtur,

343 2687 514 2765 expectare
537 2683 724 2748 immortalis
746 2683 895 2748 mortalia
918 2685 1060 2748 membra

340 2796 506 2862 innumero
530 2819 682 2876 numero,
699 2805 886 2880 certareque
908 2804 1197 2882 praeproperanter

267 2931 318 2978 700
342 2911 425 2976 inter
448 2930 483 2976 00
507 2931 591 2993 quac
613 2913 717 2996 prima
739 2912 968 2996 potissimaque
990 2914 1189 2992 insinuetur·;

341 3025 367 3088 si
390 3045 456 3088 non
479 3025 562 3090 forte
583 3026 628 3090 ita
651 3033 725 3092 sunt
743 3028 922 3092 animarum
942 3028 1074 3094 foedera
1097 3033 1210 3112 pacta,

341 3144 483 3234 ut0quae
505 3140 608 3222 prima
630 3140 746 3206 volans
769 3143 936 3208 advenerit
956 3144 1133 3208 insinuetur

341 3253 464 3337 prima,
481 3273 586 3334 neque
607 3253 689 3318 inter
712 3275 746 3318 se
770 3258 965 3321 contendant
988 3256 1110 3321 virilms
1133 3256 1254 3320 hilum.

356 3373 361 3384 ’
384 3361 530 3448 Denique
552 3368 584 3430 in
607 3369 736 3434 aethere
758 3392 823 3435 non
846 3373 1042 3454 a1·bor‚non
1066 3390 1205 3451 aequore
1228 3371 1313 3436 salso

268 3500 326 3554 705,
343 3481 444 3544 nubes
466 3500 538 3546 0000
561 3490 700 3567 queunt,
717 3504 778 3549 neo
798 3485 904 3569 pisces
928 3485 1034 3549 777070
1056 3485 1089 3548 in
1112 3484 1215 3568 arvis,

343 3614 402 3658 nec
425 3614 518 3659 cruor
538 3596 571 3659 in
592 3598 689 3678 lignis
711 3619 815 3682 neque
838 3600 925 3663 saxis
947 3618 1041 3662 sucus
1063 3597 1190 3664 inesse.

342 3700 461 3771 certum
484 3729 523 3774 ac
545 3711 766 3796 dispositumst
788 3713 842 3778 ubi
866 3713 1007 3796 quicquit
1028 3721 1150 3778 crescat
1172 3720 1203 3778 07
1225 3713 1320 3778 insit.

342 3823 389 3887 sic
411 3823 508 3887 animi
531 3831 648 3890 natura
670 3827 781 3907 nequit
803 3826 871 3890 sinc
895 3844 1027 3908 corpore
1051 3826 1126 3890 oriri

341 3938 411 4004 sola
434 3958 539 4020 neque
561 3960 581 4004 a
604 3939 711 4004 nervis
734 3945 765 4004 et
787 3937 945 4020 sanguine
967 3939 1104 4026 longiter
1126 3961 1218 4008 0000.

345 4209 394 4256 760
414 4206 456 4256 Sic
477 4204 489 4271 Η
510 4221 616 4268 corpore
636 4202 650 4272 Η
676 4208 830 4256 7632746.
856 4204 869 4274 ΙΙ
897 4211 946 4258 764
964 4210 1054 4272 paulus
1078 4207 1090 4278 Η
1119 4213 1167 4262 775
1184 4209 1238 4266 lam
1256 4209 1358 4265 mortali
1379 4205 1392 4278 Η
1414 4211 1463 4262 784

342 4292 368 4342 777
388 4293 456 4342 alto.
477 4289 491 4360 Η
512 4293 561 4339 785
580 4291 653 4348 Nube
673 4289 687 4364 l)
709 4295 757 4342 789
777 4294 879 4362 longius
932 4363 936 4370 ¹
