3266 4994
673 372 731 436 IHI

139 565 238 628 usque
262 547 346 613 adeo
369 545 479 627 magni
503 543 601 610 refert
624 542 761 608 studium
785 548 881 626 atque
904 542 1074 628 voluptas,

72 681 113 727 999
138 666 169 726 99
192 661 309 742 quibus
330 662 363 726 in
386 660 481 726 rebus
503 659 687 724 consuerint
709 677 780 724 9999
803 658 927 741 operati

138 795 204 840 non
226 775 374 842 homines
397 775 499 841 solum
522 773 579 839 sed
601 793 677 838 vero
701 771 854 835 animalia
877 779 1009 836 cuncta.

140 890 260 975 quippe
283 890 407 956 videbis
430 909 531 973 equos
551 889 661 972 fortis,
678 907 750 953 cum
772 888 917 952 membra
939 886 1108 973 iacebunt,

136 1005 168 1070 in
193 1006 316 1071 somnis
340 1005 457 1072 sudare
480 1012 588 1070 tamen
611 1003 797 1088 spirareque
821 1023 946 1086 semper

140 1126 172 1186 et
195 1122 290 1203 qnasi
313 1121 353 1185 de
375 1121 483 1205 palma
506 1139 646 1185 summas
670 1118 864 1184 contendere
886 1119 964 1184 viris

69 1257 114 1302 999
138 1243 194 1302 aut
217 1238 313 1320 quasi
336 1237 518 1303 carceribus
539 1233 711 1320 patefactis
735 1283 998 1301 .........

69 1371 113 1417 999
137 1359 378 1435 venantumque
401 1372 498 1419 canes
522 1351 556 1416 in
578 1351 666 1414 molli
689 1370 787 1434 saepe
811 1349 918 1431 quiete

69 1485 110 1532 999
137 1468 260 1534 iactant
283 1489 373 1534 crura
395 1475 500 1533 tamen
524 1467 628 1533 subito
651 1485 811 1547 vocesque
835 1469 968 1548 repente

138 1583 268 1649 mittunt
290 1589 320 1650 99
342 1584 452 1649 crebro
475 1581 654 1648 redducunt
675 1580 808 1645 naribus
831 1597 946 1661 auras,

139 1705 173 1762 ut
194 1699 332 1784 vestigia
354 1698 382 1762 si
402 1703 533 1763 teneant
554 1697 684 1762 inventa
706 1696 865 1777 ferarum,

140 1812 422 1897 expergefactique
444 1816 593 1877 secuntur
614 1810 723 1876 inania
746 1828 845 1893 saepe

72 1945 117 1992 999
141 1947 309 1993 cervorum
332 1926 522 2010 simulacra,
538 1925 636 2011 fugae
661 1925 753 2007 quasi
775 1923 885 1990 dedita
908 1928 1060 2005 cernant,

141 2041 247 2108 donee
270 2041 423 2106 discussis
445 2036 581 2107 redeant
603 2039 764 2106 erroribus
787 2040 830 2102 ad
852 2057 907 2102 se.

140 2163 174 2222 at
195 2160 354 2222 consueta
376 2155 462 2221 domi
485 2156 662 2221 catulorum
685 2153 807 2219 blanda
828 2171 975 2236 propago

140 2272 300 2338 discutere
324 2277 355 2337 99
376 2290 492 2354 corpus
513 2270 554 2334 de
576 2275 662 2334 terra
684 2268 843 2352 corripere
864 2267 985 2331 instant

69 2403 124 2450 9994
139 2383 277 2468 proinde
299 2385 393 2466 quasi
415 2383 544 2467 ignotas
566 2383 668 2448 facies
690 2389 785 2464 atque
811 2404 867 2448 ora
890 2389 1040 2448 tuantur.

139 2505 171 2564 et
198 2518 261 2581 quo
285 2517 429 2580 quaeque
451 2495 555 2577 magis
578 2501 650 2559 9999
672 2513 788 2578 aspera
811 2495 1038 2570 seminiorum,
1075 2515 1085 2536 ·

139 2619 209 2678 tam
232 2613 335 2694 magis
357 2613 390 2676 in
413 2611 533 2678 somnis
556 2610 668 2675 eadem
692 2609 816 2674 saevire
838 2615 1023 2673 necessust:

141 2734 175 2792 at
199 2728 309 2793 variae
331 2725 459 2810 fugiunt
480 2725 625 2790 volucres
649 2723 818 2807 pinnisque
840 2728 971 2806 repente
1072 2703 1074 2708 ’

142 2841 318 2907 sollicitant
339 2841 444 2906 divom
468 2843 621 2904 nocturno
645 2845 788 2922 tempore
810 2839 920 2915 lucos,

144 2955 315 3040 accipitres
338 2975 450 3020 somno
472 2953 506 3018 in
528 2953 593 3017 leni
616 2953 643 3018 si
665 2952 789 3037 proelia
811 2972 938 3037 pugnas

70 3070 246 3139 9999991999,
268 3075 341 3136 sunt
361 3074 581 3154 persectantes
602 3069 755 3150 visaeque
778 3069 945 3134 volantes.
1128 3140 1135 3154 ο

56 3261 66 3282 ·
142 3205 241 3270 porro
263 3184 426 3249 hominum
448 3189 592 3267 mentes,
609 3183 735 3267 mugnis
759 3183 812 3264 qui
835 3183 994 3248 mentibus
1017 3180 1115 3246 edunt

144 3319 284 3382 magna,
300 3298 410 3364 itidem
433 3316 531 3381 saepe
553 3297 586 3360 in
610 3297 731 3362 somnis
752 3296 1160 3386 faciuntquegeruntque,

146 3432 243 3495 reges
266 3417 471 3497 expugnant,
489 3411 657 3495 capiuntur
672 3460 678 3486 ‚
695 3410 819 3491 proelia
841 3409 994 3489 miscent,

145 3526 262 3592 tollunt
283 3528 473 3607 clamorem,
491 3524 583 3606 quasi
606 3524 633 3587 si
655 3523 838 3606 iugulentur
859 3519 998 3584 ibidem.

70 3660 131 3709 9999
148 3641 239 3706 multi
262 3642 450 3725 depugnant
470 3637 670 3723 gemitusque
694 3635 858 3700 doloribus
879 3634 997 3717 edunt,

148 3763 181 3821 et
202 3755 296 3839 quasi
317 3755 497 3838 pantherae
519 3773 628 3818 morsu
649 3749 778 3817 saevive
799 3749 903 3816 leonis
979 3797 981 3802 -

149 3869 342 3934 mandantur
364 3865 493 3948 magnis
516 3866 709 3931 elamoribus
734 3864 841 3932 omnia
864 3864 1045 3948 complent.

151 4053 352 4060 -—.-—.--

155 4164 389 4236 98499199999.Ι1
416 4168 466 4218 989
481 4149 582 4229 Δ9919999
607 4162 620 4232 ll
647 4167 697 4214 990
720 4180 795 4228 saepe
814 4163 914 4226 quiete.
939 4160 954 4230 11
979 4164 1026 4211 991
1048 4159 1167 4220 vocisque
1188 4152 1201 4223 Η
1228 4159 1277 4206 995

155 4255 218 4318 fuga
238 4251 251 4323 ΙΙ
271 4257 343 4306 ddita
369 4253 382 4323 Η
409 4257 459 4304 996
479 4251 617 4302 terroribus
644 4247 656 4317 Η
683 4249 1076 4301 1000-1003--991-994,
1102 4242 1115 4312 Η
1142 4247 1205 4293 1011
1231 4259 1279 4306 que

154 4341 284 4392 montibus
304 4343 318 4414 Η
341 4345 407 4392 1013
428 4342 586 4406 exipugnaut

1012 4427 1078 4498 10*
