3240 5010
705 351 733 415 V

148 541 220 584 narn
247 539 334 603 quae
357 540 491 602 eumque
514 519 603 585 vides
625 522 711 586 vesei
734 520 884 585 vitalibus
906 523 1012 606 auris,

19 611 24 738 l
148 640 203 698 aut
226 634 326 700 dolus
349 641 404 700 aut
426 635 526 700 virtus
549 641 604 698 aut
626 634 764 717 denique
787 634 948 700 mobilitas
972 645 1020 702 est

19 745 20 756 ’
149 764 189 810 ex
211 745 349 813 ineunte
371 767 451 814 aevo
475 767 577 829 genus
598 747 632 811 id
654 753 755 812 tutata
777 767 963 814 reservans:

19 853 20 856 ’
80 877 125 924 888
151 860 321 943 multaque
344 868 436 946 sunt,
454 861 547 927 nobis
569 881 610 926 ex
632 861 768 926 utilitate
792 883 850 927 sua
873 883 955 944 quae

150 976 381 1041 commendata
403 980 552 1057 manent,
569 974 688 1040 tutelae
710 975 829 1041 tradita
852 985 998 1043 nostrae.
1039 1050 1044 1062 ,

149 1088 315 1174 prineipiu
338 1109 440 1171 genus
463 1108 538 1152 aere
560 1089 688 1153 leonum
711 1109 873 1172 saevaque
897 1092 1005 1157 saecla

149 1207 290 1267 tutatast
311 1205 411 1267 virtus
425 1255 431 1279 ‚
447 1203 560 1285 volpes
582 1202 694 1286 delus,
712 1210 744 1268 et
766 1203 841 1287 suga
864 1225 994 1270 eervos.

148 1321 182 1378 at
203 1315 386 1382 levisomna
408 1336 522 1380 eanum
545 1315 608 1379 lide
632 1336 702 1380 eum
725 1324 854 1401 pectore
878 1319 993 1403 eorda,

78 1445 123 1493 888
148 1434 181 1492 et
203 1448 312 1510 genus
336 1451 427 1496 omne
451 1429 537 1512 qued
561 1436 609 1494 est
631 1432 771 1496 veterino
795 1431 916 1497 semine
939 1440 1086 1516 partum,

148 1544 385 1626 lanigeraeque
408 1547 501 1610 simul
524 1544 665 1629 pecudes
689 1552 720 1610 et
741 1546 863 1610 bueera
886 1547 996 1612 saecla

148 1660 263 1723 omnia
289 1637 546 1724 sunt'heminum
567 1660 687 1723 tutelae
710 1660 845 1744 tradita,
862 1663 1009 1726 Memmi:

149 1791 241 1836 nam·
254 1775 371 1858 eupide
394 1774 506 1856 fugem
529 1776 635 1857 feras,
651 1794 827 1858 pacemque
850 1784 961 1842 secuta

150 1895 225 1950 sunt
250 1894 283 1952 et
304 1889 394 1972 larga
417 1908 473 1954 suo
497 1889 566 1953 sine
588 1888 708 1972 pabula
731 1896 823 1974 parta
845 1890 977 1975 labore,

82 2016 126 2063 are
151 2020 238 2080 qnae
263 2001 376 2068 damus
399 2003 543 2068 utilitatis
565 2022 673 2067 eurum
698 2005 842 2088 praemia
865 2027 982 2071 eausa.

148 2120 181 2178 at
205 2116 281 2199 quis
304 2117 349 2180 nil
370 2117 483 2181 horum
506 2118 616 2182 tribuit
639 2126 848 2202 natu1·a,nee
870 2120 942 2203 ipsa

17 2223 18 2258 ³
149 2238 268 2316 sponte
290 2235 350 2296 'sua
372 2239 506 2317 possent
529 2241 563 2296 ut
587 2234 693 2297 vivere
716 2253 774 2298 nee
797 2235 876 2299 dare
899 2235 991 2300 nubis

152 2347 324 2410 utilitatem
346 2347 508 2430 aliquam,
526 2367 624 2428 quare
647 2354 830 2430 pateremur
852 2369 961 2412 eorum

151 2460 317 2544 praesidio
338 2466 447 2524 nostru
470 2461 561 2544 pasei
584 2481 686 2541 genus
709 2437 846 2542 esseque
869 2469 990 2545 tutum,

19 2638 21 2653 ἴ
84 2589 128 2638 urs
153 2576 298 2646 scilieet,
315 2574 397 2640 haee
420 2575 494 2640 aliis
516 2574 659 2657 praedae
682 2576 834 2656 lucroque
856 2575 1005 2640 iaeebant

19 2700 25 2783 t
151 2688 343 2775 indupedita
367 2691 431 2754 suis
454 2688 605 2755 fatalibus
629 2690 735 2754 emnia
757 2689 889 2766 vinulis,

17 2794 25 2899 l
153 2803 259 2870 donee
281 2805 323 2868 ad
346 2804 508 2870 interitum
530 2823 633 2890 genus
655 2804 688 2867 id
710 2807 825 2865 natura
847 2804 990 2884 redegit.

17 2972 18 3018 p
192 2911 259 2988 Sed
283 2940 386 3003 neque
409 2921 558 2986 Centauri
581 2919 725 2996 fuerunt,
743 2939 802 2984 nee
825 2927 969 3002 tempore
992 2919 1025 2983 in
1048 2919 1113 2983 ullu

17 3107 18 3118 ,
152 3059 225 3104 8888
248 3043 368 3120 queunt
390 3031 509 3121 dupliei
533 3041 649 3100 natura
674 3042 705 3101 et
728 3054 862 3119 eorpore
883 3035 960 3099 bino

16 3129 18 3254 l
85 3166 129 3216 888
153 3173 194 3218 ex
218 3153 409 3234 alienigenis
432 3151 580 3216 membris
604 3156 791 3234 eompaeta,
808 3156 953 3233 potestas

155 3267 230 3332 hine
252 3264 341 3332 illine
363 3265 462 3351 partis
484 3271 518 3329 ut
540 3266 566 3330 si
589 3287 649 3350 par
672 3284 745 3331 esse
768 3265 914 3349 putissit.

155 3382 189 3447 id
214 3382 287 3446 lieet
309 3380 382 3446 hine
405 3379 551 3463 quamvis
574 3380 681 3444 hebeti
703 3399 899 3459 cognoscere
922 3378 1037 3442 eorde.

156 3495 313 3580 prineipio
337 3495 452 3558 eireum
475 3493 575 3557 tribus
598 3493 676 3556 aetis
698 3491 834 3574 impiger
856 3491 947 3554 annis

156 3610 248 3675 floret
271 3627 368 3684 8888,
385 3628 465 3691 puer
487 3608 564 3674 haut
587 3625 768 3690 quaquam:
785 3624 859 3668 nam
882 3622 979 3686 saepe
1002 3604 1097 3669 etiam
1120 3626 1204 3670 nune

16 3706 17 3718 ¹
85 3737 133 3789 885
159 3726 257 3790 ubera
280 3745 486 3789 mammarum
509 3724 541 3788 in
565 3722 684 3802 somnis
709 3721 864 3785 laetantia
887 3725 1040 3801 quaeret:

157 3846 231 3924 post
254 3839 307 3903 ubi
331 3857 421 3903 ecum
443 3837 575 3904 validae
598 3838 683 3904 vires
706 3842 812 3903 aetate
836 3843 968 3901 seneeta

159 3955 367 4037 membraque
391 3951 540 4017 deficiunt
563 3950 698 4034 fugienti
721 3951 876 4035 languida
898 3950 983 4034 vita,

161 4234 211 4281 859
231 4239 286 4280 tuta
306 4229 319 4298 Η
340 4233 390 4281 865
410 4229 487 4280 veteri
506 4243 557 4276 nou
580 4225 593 4294 Η
613 4230 662 4276 866
683 4227 779 4291 bugera
800 4225 812 4294 Η
833 4229 883 4275 868
902 4234 1018 4276 secutae.
1041 4221 1053 4290 Η
1079 4226 1127 4271 871
1149 4223 1174 4270 ni
1197 4219 1209 4287 ll
1230 4225 1280 4272 878

162 4319 234 4384 quari
257 4316 270 4386 Η
291 4320 340 4366 881
361 4317 444 4385 paruis
464 4325 560 4368 utnon
579 4315 611 4364 sit
630 4329 687 4382 pars
708 4311 721 4384 Η
742 4317 793 4363 884
813 4328 966 4380 quamquam
987 4309 999 4381 Η
1021 4313 1070 4359 885
1090 4309 1211 4362 laetantia
