3240 5010
353 341 415 404 216
897 333 938 396 Vl

354 504 477 569 semina
499 507 689 570 concurrunt
712 501 808 567 calidi
830 501 967 586 fulgoris
989 503 1032 568 ad
1054 503 1172 568 ictum.

356 619 520 699 sicigitur
542 635 669 699 quoque
690 636 742 682 res
765 617 898 682 accendi
920 616 1052 682 fulmine
1075 616 1190 692 debet,

356 741 534 816 opportuna
556 731 663 795 fuitei
685 732 766 796 sorte
789 736 820 795 et
842 731 959 796 idonea
980 731 1138 796 flammis.

357 866 416 911 uec
438 852 557 911 temere
580 848 708 911 omnino
731 845 828 928 plane
849 844 897 910 ris
920 844 1038 928 frigida
1061 845 1145 910 venti

282 982 332 1028 330
356 981 427 1027 esse
449 970 574 1046 potest,
591 981 630 1026 ea
653 979 735 1042 quae
759 967 846 1024 tanta
869 959 900 1022 vi
922 960 1023 1024 missa
1045 961 1231 1043 superaest,

357 1077 454 1161 quin,
469 1077 558 1161 prius
580 1078 613 1140 in
636 1096 729 1140 eursu
753 1075 781 1140 si
803 1096 865 1139 non
889 1076 1074 1140 accenditur
1095 1076 1183 1158 igni,

360 1197 392 1254 at
414 1191 577 1274 tepefacta
600 1199 708 1256 tamen
729 1192 838 1254 veniat
860 1192 1030 1255 commixta
1053 1192 1181 1256 calore.

396 1306 557 1371 Mobilitas
580 1313 685 1371 autem
707 1305 742 1370 fit
764 1305 903 1372 fulminis
926 1313 959 1370 et
981 1304 1089 1386 gravis
1111 1305 1212 1389 ictus,

359 1426 391 1484 et
412 1422 507 1487 celeri
531 1421 632 1486 ferme
653 1428 839 1505 percurrunt
862 1420 994 1484 fulmina
1015 1422 1126 1504 lapsu,

284 1555 334 1602 323
358 1536 495 1618 nubibus
517 1537 589 1619 ipsa
612 1536 697 1619 quod
720 1537 848 1601 omniuo
871 1537 958 1618 prius
981 1537 1078 1600 incita
1101 1555 1136 1600 se
1159 1535 1206 1600 vis

360 1651 482 1732 colligit
504 1657 535 1714 et
557 1672 708 1736 magnum
730 1672 887 1717 conamen
908 1652 1003 1716 sumit
1025 1650 1141 1724 eundi,

360 1762 436 1827 inde
459 1765 511 1827 ubi
537 1785 601 1829 non
625 1769 725 1848 potuit
747 1769 848 1832 nubes
872 1787 988 1850 capere
1009 1765 1125 1848 inpetis
1148 1771 1295 1849 anctum,

361 1879 547 1960 exprimitur
568 1881 616 1944 vis
639 1890 736 1962 atque
758 1883 831 1946 irleo
856 1883 943 1944 volat
966 1880 1082 1963 impete
1105 1879 1204 1963 mire,

361 1996 395 2054 ut
417 1992 531 2057 validis
555 2015 638 2075 quae
661 1996 701 2058 de
724 1996 889 2059 tormentis
913 1996 1011 2059 missa
1034 1994 1195 2057 feruutur.

285 2125 335 2172 330
361 2106 444 2171 adde
468 2109 554 2191 quod
577 2129 595 2173 e
618 2110 724 2192 parvis
747 2117 779 2174 et
801 2110 924 2174 levibus
947 2115 996 2174 cst
1018 2109 1203 2194 elementis,

361 2243 420 2287 nee
442 2222 570 2291 facilest
591 2228 647 2291 tali
671 2234 802 2291 naturae
826 2228 982 2310 apsistere
1007 2227 1195 2307 quicquam:

360 2337 441 2400 inter
464 2342 546 2404 enim
570 2341 652 2425 fugit
675 2363 713 2407 ac
736 2349 882 2426 penetrat
904 2361 960 2423 per
982 2359 1058 2402 rara
1079 2340 1221 2415 viarum,

361 2472 423 2515 non
448 2454 544 2535 igitur
566 2457 672 2521 multis
695 2458 868 2523 offensibus
890 2457 923 2520 iu
947 2453 1135 2519 remorando

361 2567 518 2643 haesitat,
535 2568 619 2636 bane
641 2574 682 2636 ob
706 2593 771 2637 rem
796 2572 890 2636 celeri
913 2571 1001 2634 volat
1022 2571 1140 2650 impete
1162 2568 1294 2633 labens.

288 2702 337 2750 333
363 2683 449 2748 adde
472 2685 557 2767 quod
582 2689 711 2753 omnino
736 2693 847 2752 natura
869 2688 1013 2770 pondera
1036 2685 1186 2748 deorsum

362 2799 467 2862 omnia
489 2800 649 2886 nituntur,
667 2823 739 2866 cum
761 2804 886 2886 plagast
908 2799 1019 2864 addita
1042 2818 1140 2871 vero,

363 2914 522 2978 mobilitas
545 2915 724 2999 duplicatur
747 2923 778 2980 et
799 2918 935 2998 impetus
957 2917 1011 2979 ille
1034 2914 1212 2998 gravescit,

362 3033 397 3091 ut
420 3030 595 3094 vementius
618 3036 648 3092 et
671 3031 764 3094 eitius
787 3050 871 3112 quae
895 3050 1028 3112 eumque
1051 3037 1215 3092 morantur

362 3142 457 3206 obvia
480 3141 629 3208 discutiat
651 3145 754 3228 plagis
777 3145 933 3225 itinerque
955 3150 1126 3225 sequatur.

288 3275 338 3322 340
362 3257 498 3339 denique
522 3258 607 3339 quod
630 3261 725 3343 longo
748 3259 835 3324 veuit
856 3260 992 3342 impete,
1010 3277 1133 3322 sumere
1157 3258 1253 3322 debet

364 3372 571 3436 mobilitatem
594 3374 689 3438 etiam
712 3380 808 3456 atque
831 3375 946 3452 etiam,
965 3394 1049 3456 quae
1072 3374 1185 3438 erescit
1208 3375 1314 3437 eundo

364 3493 395 3549 et
417 3486 543 3552 validas
567 3494 663 3571 auget
683 3490 760 3554 viris
784 3495 815 3554 et
836 3490 967 3555 roborat
989 3490 1106 3554 ictum:

364 3621 437 3663 nam
459 3601 534 3666 facit
556 3610 590 3666 ut
612 3623 696 3686 quae
720 3606 783 3668 sint
804 3604 890 3670 illius
914 3605 1036 3670 semina
1059 3621 1193 3684 eumque

364 3736 381 3781 e
403 3716 536 3796 regione
559 3719 663 3782 locum
687 3720 778 3800 quasi
800 3719 833 3783 in
856 3741 952 3783 unum
976 3724 1090 3783 cuneta
1111 3716 1274 3794 ferantur,

289 3848 339 3897 343
364 3831 472 3896 omnia
493 3832 653 3898 coniciens
675 3833 710 3897 in
731 3852 803 3898 eum
827 3833 988 3898 volventia
1011 3853 1158 3898 cursum.

364 4014 564 4024 ———-.-.-.

368 4135 418 4182 318
437 4135 558 4185 indoneat
585 4133 597 4200 ll
623 4136 674 4182 320
693 4149 725 4182 ex
745 4149 810 4196 quae
829 4145 916 4184 tautau
942 4135 954 4202 Η
980 4139 1029 4186 321
1050 4151 1136 4185 cursus
1158 4151 1210 4184 uon
1236 4133 1248 4200 lt
1275 4136 1324 4184 322
1343 4136 1446 4185 colore.
1472 4131 1482 4202 Η

368 4222 418 4268 323
437 4221 565 4270 Nobilitas
585 4219 598 4288 ll
619 4224 671 4269 324
689 4222 725 4288 At
745 4219 757 4288 l}
777 4233 882 4287 percunt
908 4223 920 4290 Η
941 4225 992 4276 335
1011 4223 1111 4272 Deinde
1131 4219 1143 4292 ll
1164 4223 1285 4270 deormn.
1307 4221 1319 4288 Η
1341 4223 1391 4272 336
1411 4223 1485 4288 plaga

368 4307 388 4354 si
410 4304 423 4373 ll
443 4310 495 4355 344
514 4309 645 4374 regionem
