3266 4994
351 363 411 432 168
894 363 922 425 V

350 550 446 613 quare
469 529 565 595 etiam
589 529 750 612 quaedam
772 551 856 596 nuuc
878 538 964 596 artes
987 533 1209 616 expoliuntur,

348 645 549 710 nuncetiam
573 651 770 743 augescupt:
786 664 871 709 nunc
894 645 1006 710 addita
1030 646 1167 730 navigiis
1190 653 1265 713 sunt

348 759 468 842 multa,
484 758 580 823 modo
605 758 748 840 organici
770 759 902 824 melicos
924 779 1079 844 peperere
1102 780 1256 839 sonores,

274 893 324 942 335
349 872 486 955 deniquo
508 877 622 936 natura
644 871 725 938 haec
748 893 853 938 rerum
874 875 1019 955 ratioque
1043 881 1200 959 repertast

232 977 233 980 ¹
347 1006 469 1071 nuper,
486 992 518 1052 et
538 986 623 1051 hano
644 986 766 1070 primus
789 1007 860 1052 cum
882 987 993 1072 primis
1016 988 1085 1072 ipse
1107 996 1253 1074 repertus

346 1121 430 1166 nunc
453 1119 512 1185 ego
536 1121 606 1165 sum
627 1101 660 1163 in
682 1100 805 1184 patrias
828 1102 880 1183 qui
903 1100 1024 1184 possim
1046 1109 1168 1168 vertere
1191 1123 1307 1170 voces.

348 1214 435 1296 quod
458 1215 484 1280 si
507 1213 588 1278 forte
610 1213 710 1279 fuisse
734 1221 807 1281 ante
829 1215 890 1280 hac
914 1214 1026 1281 eadem
1051 1207 1304 1298 omniamodis,

346 1329 404 1396 sed
426 1328 560 1413 periisse
583 1328 745 1393 hominum
769 1329 901 1394 torrenti
924 1330 1032 1396 saecla
1054 1352 1196 1418 vapore,

272 1467 323 1514 340
350 1449 406 1508 aut
428 1442 581 1508 cecidisse
603 1443 690 1507 urbis
713 1464 831 1528 magno
854 1444 1021 1510 vexamine
1045 1446 1173 1531 mnndi,

347 1564 403 1624 aut
425 1577 465 1622 ex
488 1557 640 1621 imbribus
664 1557 808 1623 adsiduis
831 1559 936 1624 exisse
958 1577 1097 1643 rapaces

345 1693 404 1757 per
425 1679 528 1738 terras
550 1691 662 1736 amnes
685 1679 780 1754 atque
804 1673 925 1756 oppida
948 1675 1174 1758 cooperuisse,

346 1791 436 1851 tauto
460 1786 579 1867 quique
601 1761 705 1870 magis
727 1787 829 1851 victus
852 1786 976 1853 fateare
1000 1798 1162 1855 necessest

346 1899 475 1966 exitium
499 1920 627 1982 quoque
649 1907 803 1966 terrarum
827 1902 973 1983 caelique
995 1901 1155 1968 futurum:

271 2036 321 2084 345
348 2035 423 2080 uam
447 2035 516 2080 cum
541 2035 591 2079 res
614 2017 712 2080 tantis
734 2015 854 2080 morbis
876 2016 1038 2097 tantisque
1060 2017 1188 2101 periclis

345 2134 593 2213 temptarentur‚
609 2129 653 2193 ibi
678 2129 704 2194 si
728 2129 847 2194 tristior
869 2129 1066 2196 incubuisset

347 2264 465 2328 causa,
483 2244 597 2308 darent
619 2244 685 2308 late
710 2244 835 2309 cladem
859 2265 1056 2326 magnasque
1080 2249 1208 2315 ruinas.

345 2379 404 2425 nec
427 2358 549 2423 ratione
572 2357 637 2421 alia
660 2359 810 2423 mortales
834 2359 1091 2445 emendemur,

344 2474 426 2538 inter
447 2493 506 2537 nos
527 2472 589 2537 nisi
613 2474 697 2554 qnod
719 2474 838 2540 morbis
862 2475 1081 2556 aegrescimus
1103 2477 1189 2542 idem

270 2595 327 2659 eoo
347 2597 443 2672 atque
465 2590 512 2654 illi
534 2610 614 2672 quos
636 2611 656 2654 a
677 2590 745 2654 vita
768 2596 882 2654 natura
903 2590 1057 2654 removit.

384 2706 554 2772 Praeterea
578 2725 661 2787 qnae
685 2725 819 2788 cumque
843 2711 972 2768 manent
994 2711 1124 2770 aeterna
1140 2697 1314 2775 'necessust

344 2825 419 2898 aut,
436 2820 512 2902 quia
534 2827 608 2886 sunt
630 2820 735 2886 solido
759 2839 829 2884 cum
853 2838 1005 2903 corpore,
1022 2839 1173 2904 respuere
1196 2823 1275 2889 ictus

346 2954 406 3000 nec
428 2941 596 3018 penetrare
618 2936 685 3020 pati
708 2933 767 2999 sibi
791 2934 959 3016 quicquam
985 2934 1070 3016 quod
1093 2943 1191 3019 queat
1212 2944 1298 3006 artas

345 3047 520 3113 dissociare
543 3049 628 3113 intus
650 3050 770 3134 partis,
787 3055 822 3114 ut
843 3050 989 3114 materiai

271 3185 321 3232 355
348 3183 482 3248 corpora
505 3170 597 3241 suut,
615 3185 748 3246 qnorum
770 3171 915 3230 naturam
940 3165 1137 3230 ostendimus
1159 3175 1253 3248 ante,

343 3277 493 3343 antideo
518 3277 635 3346 durare
658 3287 798 3346 aetatem
821 3299 917 3364 posse
938 3298 996 3362 per
1019 3298 1166 3363 omnem,

343 3394 511 3478 plagarum
536 3395 613 3476 quia
635 3403 708 3460 sunt
730 3394 895 3479 expertia,
912 3393 992 3458 sicut
1013 3392 1110 3458 inane
1133 3403 1202 3479 est,

344 3509 432 3592 quod
453 3515 561 3574 manet
582 3509 735 3575 intactum
758 3529 862 3591 neque
885 3509 926 3573 ab
950 3509 1012 3572 ictu
1035 3507 1176 3591 fungitur
1201 3511 1319 3592 hilum,

347 3627 402 3688 aut
425 3623 519 3688 etiam
543 3623 620 3705 quia
642 3625 731 3690 nulla
754 3625 814 3689 loci
837 3624 872 3688 fit
893 3624 987 3707 copia
1009 3622 1145 3706 circum,

270 3760 321 3807 333
345 3760 407 3821 quo
431 3739 520 3820 quasi
542 3758 593 3804 res
615 3740 739 3824 possint
762 3738 927 3804 discedere
951 3736 1168 3822 dissoluique‚

344 3853 425 3919 sicut
446 3872 640 3919 summarum
663 3872 788 3918 summa
812 3857 859 3916 est
882 3857 1032 3935 aeterna,
1049 3871 1153 3933 neque
1175 3861 1266 3921 extra

344 3969 396 4051 qui
420 3968 509 4034 locus
533 3973 580 4032 est
603 3989 665 4048 quo
689 3965 870 4042 dissiliant,
887 3985 990 4047 neque
1012 3985 1148 4051 corpora
1172 3977 1245 4036 suut
1267 3991 1350 4053 quae

343 4082 468 4167 possint
489 4080 630 4146 incidere
653 4086 684 4145 et
706 4079 814 4146 valida
837 4080 1011 4147 dissolvere
1032 4082 1152 4169 plaga.

347 4327 397 4374 339
416 4324 509 4390 perisse
529 4321 542 4390 Η
564 4326 613 4375 342
634 4333 660 4377 at
680 4322 693 4392 Η
713 4327 762 4376 359
782 4327 815 4379 sit
