3266 4994
363 382 482 447 146·
756 413 759 420 ·
896 377 954 442 ΠΠ

357 549 507 615 braoobia
529 548 770 633 palpebraeque
793 546 929 625 eadunt,
946 549 1150 634 poplitesque
1173 552 1303 618 eubanti

358 684 455 748 saepe
477 669 585 729 tamen
608 663 843 728 summittuntur
865 663 1006 746 virisque
1028 665 1210 731 resolvunt.

358 778 474 845 deinde
497 778 601 844 eibum
624 777 768 859 sequitur
790 797 920 842 somnus
935 826 943 861 ,
961 778 1056 860 quia,
1074 799 1156 862 quae
1179 780 1258 844 facit
1280 788 1357 865 ae'r,

283 917 333 966 955
358 896 441 961 haee
463 893 574 958 eadem
599 892 706 975 cibus,
722 892 755 956 in
777 911 879 958 venas
902 894 977 956 dum
1001 893 1119 960 diditur
1143 896 1265 980 omnis,

358 1010 475 1076 eifioit.
492 1013 523 1072 et
546 1007 642 1072 multo
667 1028 764 1091 sopor
785 1008 840 1073 ille
862 1009 1067 1092 gravissimus
1091 1016 1214 1087 exstat,

358 1145 451 1208 quem
474 1128 560 1188 satur
582 1128 636 1186 aut
657 1122 764 1188 lassus
786 1122 920 1206 capias,
939 1124 1015 1204 quia
1036 1124 1176 1207 plurima
1198 1129 1262 1189 tuni
1287 1145 1323 1190 se

360 1260 495 1324 corpora
518 1241 708 1306 conturbant
729 1258 847 1321 magno
871 1245 1005 1303 contusa
1028 1238 1161 1303 labore.

357 1355 391 1419 fit
412 1356 536 1419 ratione
560 1353 673 1419 eadem
698 1353 859 1419 coniectus
881 1353 995 1436 partini
1018 1353 1137 1418 animai

282 1488 333 1538 999
358 1469 471 1547 altior,
488 1476 585 1551 atque
607 1467 695 1533 foras
717 1468 837 1534 eieetus
860 1468 981 1549 largior
1003 1467 1091 1552 eius,

359 1591 391 1650 et
412 1584 543 1650 divisior
565 1585 647 1648 inter
669 1603 704 1649 se
729 1603 768 1649 ae
790 1582 973 1647 distractior
995 1588 1108 1649 uetus.

397 1700 523 1780 litque
547 1698 772 1781 quisque'fere
796 1697 901 1762 studio
926 1697 1089 1762 devinctus
1112 1696 1284 1780 adhaeret,

358 1819 413 1879 aut
431 1813 550 1895 quibus
573 1814 605 1877 in
627 1813 723 1878 rebus
746 1811 877 1875 multum
899 1832 1009 1876 sumus
1031 1819 1105 1877 ante
1127 1812 1241 1876 morati

356 1935 453 2009 atque
475 1927 507 1990 in
530 1945 570 1992 ea
592 1925 715 1992 ratione
737 1925 798 1989 fuit
820 1932 968 1989 contenta
989 1926 1094 2009 magis
1117 1946 1228 2001 meus,

282 2063 331 2110 995
355 2043 387 2107 in
409 2042 529 2108 somnis
552 2041 663 2107 eadem
686 2040 875 2124 plerumque
896 2039 1041 2126 videmur
1065 2039 1204 2118 obire;⁰

358 2157 510 2224 oausidioi
534 2174 649 2221 oausas
672 2173 770 2238 agere
793 2160 823 2217 et
845 2172 1038 2237 componere
1060 2154 1168 2238 leges,

355 2273 599 2357 induperatores
621 2287 767 2352 pugnare
790 2288 828 2332 ae
849 2269 974 2352 proelia
997 2268 1107 2346 obire,

356 2394 474 2453 nautae
497 2388 693 2449 contractum
717 2403 787 2447 curn
810 2382 911 2447 ventis
935 2384 1052 2466 degere
1074 2383 1213 2469 belluni,
1281 2421 1283 2430 =

356 2522 414 2568 nos
437 2517 534 2584 agere
557 2500 618 2563 hoe
640 2503 747 2564 autem
771 2505 802 2562 ot
824 2505 970 2562 naturam
994 2517 1147 2580 quaerere
1171 2518 1275 2564 rerum

284 2637 333 2683 aro
356 2633 481 2698 semper
503 2620 533 2678 et
554 2613 717 2678 inventam
740 2613 852 2696 patriis
875 2631 1036 2696 exponere
1059 2610 1194 2677 obortis.

356 2737 463 2795 cetera
484 2728 531 2794 sie
553 2728 658 2792 sardia
681 2733 777 2809 atque
799 2731 884 2791 artes
906 2727 1094 2810 plerumque
1117 2724 1265 2790 videniur

356 2845 389 2908 in
411 2843 530 2908 somnis
553 2842 677 2906 animus
700 2841 864 2905 hominum
886 2840 1036 2907 frustrata
1058 2847 1188 2906 tenere.

356 2964 388 3022 et
410 2957 620 3037 quicumque
643 2955 712 3020 dies
737 2954 852 3019 multos
876 2974 917 3019 en
940 2955 1053 3021 ordine
1074 2955 1159 3020 ludis

356 3070 508 3135 adsiduas
531 3069 688 3134 dederunt
709 3088 841 3154 operas,
858 3069 1045 3153 plerumque
1067 3069 1232 3148 videmus,

280 3207 330 3254 aru
356 3205 427 3249 eum
449 3184 512 3248 iam
534 3184 722 3250 destiterunt
744 3204 784 3249 ea
806 3185 953 3250 sensibus
978 3205 1151 3268 usurpare,

357 3300 493 3364 relicuas
516 3305 621 3364 tamen
644 3318 716 3364 esse
738 3299 806 3363 vias
829 3298 862 3362 in
885 3305 989 3362 mente
1012 3298 1172 3380 patentis,

355 3435 419 3498 qua
439 3415 564 3499 possint
587 3414 698 3480 eadem
720 3434 827 3479 rerum
849 3412 1020 3477 simulacra
1042 3413 1172 3478 venire:

357 3550 413 3614 per
436 3531 550 3595 multos
572 3530 678 3612 itaque
700 3528 756 3592 illa
779 3527 848 3592 dies
871 3526 984 3592 eadem
1008 3528 1217 3593 obversantur

356 3651 431 3711 ante
454 3646 584 3729 oeulos,
601 3644 695 3709 etiam
719 3643 891 3725 vigilantes
913 3649 947 3708 ui
969 3642 1135 3706 videantur

279 3782 329 3830 999
355 3779 484 3827 eernere
506 3759 652 3823 saltantis
674 3764 705 3821 et
726 3757 837 3822 mollia
858 3757 1001 3822 membra
1023 3756 1200 3840 moventis,

356 3882 388 3942 et
408 3875 550 3940 eitharae
571 3869 724 3952 liquidnm
748 3888 878 3934 eannen
900 3869 1102 3952 ebordasque
1124 3871 1285 3954 loquentis

354 3988 483 4053 auribus
506 3985 672 4068 aeeipere,
689 3987 720 4047 et
742 4001 927 4048 consessum
951 4004 1080 4052 eernere
1103 3985 1236 4050 eumdem

355 4099 528 4180 scenaique
551 4097 644 4162 simul
665 4097 774 4164 varios
795 4097 967 4182 splendere
989 4100 1143 4201 deeores.

354 4253 556 4264 ——h—

358 4349 408 4399 959
427 4355 497 4414 purte
518 4344 530 4417 Η
552 4351 600 4400 961
620 4348 703 4400 intus.
725 4344 738 4417 ΙΙ
758 4350 807 4399 989
827 4331 976 4402 eonsensum
996 4347 1010 4420 Η
1031 4351 1080 4401 989
1099 4348 1242 4412 Seenutque
