3266 4994
355 370 415 433 140
887 361 951 426 1111

350 536 412 600 boc
434 535 507 600 ideo
530 534 598 598 lieri
621 535 707 615 cogit
729 538 859 617 natura,
873 531 958 612 qood
982 552 1091 598 omnes

349 649 494 733 corporis
518 649 622 715 offecti
645 668 759 713 sensus
780 667 839 732 per
861 647 1004 712 membra
1027 645 1193 728 quiescunt

353 782 411 828 nec
433 768 566 847 possunt
587 763 701 828 falsum
725 762 809 828 veris
832 761 1018 826 convincere
1042 760 1158 826 rebus.

282 899 331 945 reo
356 884 524 961 praeterea
546 878 727 942 meminisse
748 877 831 942 iacet
853 877 1046 958 languetque
1068 896 1204 960 sopore,

353 1011 411 1056 nec
434 992 581 1058 dissentit
604 1011 675 1056 eum
699 991 810 1056 mortis
832 990 949 1072 letique
971 989 1105 1074 potitum

352 1106 414 1170 iam
438 1105 582 1190 pridem,
600 1125 693 1187 quem
717 1127 806 1170 mens
828 1106 933 1170 vivom
955 1123 990 1168 se
1014 1124 1143 1170 cernere
1165 1104 1283 1170 credit.

351 1220 434 1302 quod
458 1240 554 1304 super
577 1226 644 1304 est,
662 1241 726 1284 non
750 1228 799 1286 est
821 1220 931 1283 mirum
957 1219 1127 1283 sinrulacra
1149 1221 1268 1284 moveri

349 1334 565 1415 bracchiaque
588 1335 620 1399 in
642 1353 807 1398 numerum
830 1334 948 1398 iactare
972 1340 1003 1398 et
1025 1339 1132 1399 cetera
1154 1335 1318 1398 membra.

277 1469 326 1515 770
350 1470 424 1514 nam
446 1450 480 1513 fit
502 1449 590 1512 utin
612 1448 733 1513 somnis
755 1448 860 1514 facere
882 1449 943 1512 hoo
965 1448 1109 1513 videatur
1130 1447 1258 1534 imago:

351 1564 491 1647 quippe,
508 1563 561 1628 ubi
583 1564 686 1648 prima
709 1563 791 1646 perit
814 1562 943 1645 alioque
966 1569 1015 1628 est
1035 1564 1137 1628 altera
1160 1571 1236 1629 nata

353 1678 429 1741 inde
451 1683 557 1761 statu,
573 1677 659 1761 prior
680 1677 732 1741 bie
755 1684 881 1758 gestum
904 1682 1047 1742 mutasse
1070 1678 1214 1744 videtur.

351 1792 491 1876 scilicet,
507 1792 541 1856 id
561 1791 629 1856 fieri
654 1791 749 1856 celeri
772 1791 894 1856 ratione
915 1793 1142 1876 putandumst:

350 1911 438 1969 tanta
460 1912 508 1970 est
529 1905 689 1971 mobilitas
713 1911 745 1970 et
766 1925 869 1970 rorum
894 1908 986 1991 copia
1009 1913 1116 1984 tanta,

276 2039 324 2086 778
350 2025 502 2099 tantaque
526 2019 668 2084 sensibili
692 2021 803 2102 quovis
827 2028 876 2086 est
898 2028 1040 2106 tempore
1062 2022 1094 2086 in
1118 2043 1181 2087 uno

335 2133 443 2216 ,copia
465 2133 691 2217 particularum
707 2186 714 2210 ‚
730 2140 765 2197 ut
786 2122 889 2219 possit
909 2136 1134 2220 suppeditare.

389 2244 569 2332 [Multaque
592 2247 626 2311 in
648 2249 697 2313 his
720 2249 815 2330 rebus
839 2257 1051 2334 quaeruntur,
1068 2252 1233 2334 multaque
1256 2255 1347 2320 nobis

349 2360 583 2446 clarandumst‚
600 2364 697 2447 plane
719 2364 746 2428 si
768 2384 819 2429 res
842 2385 1001 2448 exponere
1024 2386 1175 2432 avemus.

350 2475 512 2557 quaeritur
533 2476 567 2539 in
589 2478 699 2560 primis
722 2499 842 2560 quare,
860 2478 946 2561 quod
969 2479 1083 2560 cuique
1105 2480 1205 2548 libido

275 2610 325 2657 780
348 2589 491 2673 venerit,
509 2590 667 2674 externplo
691 2612 781 2656 mens
804 2593 922 2674 cogitet
944 2595 1011 2660 eius
1033 2594 1068 2658 id
1088 2595 1215 2679 ipsum.

348 2724 433 2768 anne
456 2703 650 2768 voluntatem
675 2711 812 2770 nostram
837 2708 1006 2774 simulacra
1028 2715 1173 2786 tuentur,

316 2831 318 2837 '
349 2823 380 2882 et
401 2819 494 2882 simul
518 2839 555 2883 ac
576 2821 721 2887 volumus
745 2821 996 2888 nobisoecurrit
1017 2823 1154 2904 imago?

275 2953 323 2999 700
350 2932 435 3014 quod
458 2934 611 2999 sentimus
634 2935 666 2999 id
690 2943 757 3019 est,
775 2956 844 3001 oum
868 2957 930 3001 vox
954 2937 1104 3002 emittitur
1126 2960 1210 3023 una,

275 3067 323 3113 788
349 3047 376 3111 81
398 3066 505 3131 mare,
523 3049 549 3113 si
572 3056 689 3114 terram
713 3050 852 3126 cordist,
868 3050 894 3115 si
917 3051 1054 3134 denique
1077 3054 1229 3118 caelum?

349 3167 523 3228 conventus
545 3163 727 3246 bominum,
743 3155 914 3249 pompam,
931 3167 1095 3252 convivia,
1112 3187 1258 3252 pugnas,

276 3296 324 3342 rso
351 3275 458 3340 omnia
481 3277 539 3342 sub
561 3279 703 3342 verbone
726 3285 813 3342 creat
834 3285 950 3344 natura
973 3282 1159 3365 paratque?

349 3410 419 3455 oum
441 3391 630 3474 praesertim
653 3391 726 3456 aliis
750 3393 863 3458 eadem
885 3394 919 3458 in
941 3395 1074 3476 regione
1097 3397 1232 3477 locoque

304 3516 306 3521 ·
347 3503 444 3588 longe
468 3504 632 3570 dissimilis
655 3507 785 3572 animos
803 3528 854 3574 res
877 3509 995 3589 cogitet
1017 3510 1142 3575 onmis.
1323 3588 1326 3594 ,

350 3619 424 3699 quid
448 3639 563 3703 porro,
580 3619 613 3683 in
636 3641 802 3685 numerum
823 3623 999 3705 procedere
1022 3645 1092 3689 cum
1114 3624 1286 3689 simulacra

348 3733 506 3798 cernimus
529 3734 562 3796 in
585 3735 705 3800 somnis
729 3742 761 3800 et
784 3736 895 3801 mollia
917 3737 1059 3802 membra
1081 3759 1227 3823 movere,

275 3866 324 3914 780
348 3848 477 3932 mollia,
495 3848 654 3912 mobiliter
673 3867 743 3912 oum
766 3850 899 3914 alternis
922 3851 1070 3916 bracchia
1094 3854 1217 3919 77777707

350 3967 382 4027 87
402 3963 541 4027 78787707
563 3961 664 4026 000178
686 3968 809 4046 gestum
833 3964 917 4047 pede
938 3968 1165 4034 convenienti?
1211 3970 1216 3978 '

348 4077 489 4160 scilicet,
506 4081 574 4141 arte
596 4076 727 4143 madent
750 4077 922 4143 simulacra
944 4086 976 4146 et
998 4082 1092 4149 docta
1113 4088 1289 4166 vagantur,

355 4327 403 4373 766
423 4325 512 4387 litique
533 4320 545 4394 Η
568 4331 616 4377 teo
637 4329 815 4378 Consentimus
835 4325 848 4398 Η
870 4334 916 4381 llll
937 4337 1052 4396 repetunt
