3266 4994
685 405 743 469 llll

152 576 206 641 liet
227 578 293 655 ita,
310 584 383 644 ante
407 579 517 644 oculus
539 577 636 645 fuerit
658 580 711 661 qui
735 579 865 664 dexter,
881 585 915 643 ut
936 579 1020 644 idem

75 713 126 759 333
152 714 237 758 3333
259 694 300 758 sit
322 695 451 778 laevus,
468 701 499 759 et
522 715 539 759 3
560 696 656 760 laevo
679 695 719 758 sit
742 700 850 759 mutua
873 695 1005 759 dexter.

150 807 186 872 fit
208 827 334 890 quoque
357 808 397 872 de
421 812 550 893 speculo
574 810 606 873 in
629 809 793 894 speculum
817 815 851 873 ut
872 809 1016 874 tradatur
1038 814 1164 897 imago,

153 922 293 1005 quinque
317 923 411 987 etiam
434 930 490 988 aut
510 945 569 989 sex
591 931 625 987 ut
646 923 713 989 lieri
737 925 908 989 simulacra
932 927 1070 991 suerint.

153 1057 224 1100 nam
249 1057 331 1117 quae
354 1058 489 1119 cumque
512 1044 595 1102 retro
619 1046 707 1122 parte
731 1039 881 1103 interiore
906 1039 1068 1122 latebunt,

150 1152 227 1216 inde
250 1157 377 1229 133333,
395 1153 539 1232 quamvis
561 1157 640 1217 torte
663 1154 853 1236 penitusque
876 1160 1017 1230 remota,

72 1287 125 1332 333
152 1267 258 1329 omnia
280 1285 338 1349 per
359 1265 460 1330 flexos
483 1265 588 1331 aditus
610 1267 725 1332 educta
748 1268 855 1332 licebit

152 1379 297 1462 pluribus
319 1378 401 1444 haec
424 1382 564 1463 speculis
588 1381 754 1447 videantur
777 1381 810 1444 in
833 1382 969 1447 aedibus
992 1403 1083 1448 esse.

152 1514 254 1577 usque
277 1497 359 1561 adeo
384 1498 514 1580 speculo
537 1498 569 1560 in
592 1496 756 1581 speculum
779 1497 956 1590 translucet
978 1499 1106 1580 image,

154 1617 276 1674 etcum
299 1612 392 1676 laeva
416 1613 491 1675 data
516 1618 583 1689 est,
599 1611 634 1673 lit
657 1632 762 1675 rusum
787 1617 821 1674 ut
843 1611 974 1676 dextera
996 1613 1069 1696 liat,

149 1725 225 1788 inde
249 1733 332 1790 retro
354 1745 478 1790 rursum
503 1725 586 1790 redit
608 1731 639 1791 ct
663 1728 856 1791 convertitur
879 1729 1012 1794 eodem.

72 1860 124 1907 333
150 1841 225 1921 quin
236 1840 344 1905 ‘etiam
368 1859 451 1921 quae
475 1859 609 1921 cumque
626 1841 793 1906 latuscula
814 1848 887 1906 sunt
910 1845 1110 1925 speculorum

150 1954 291 2018 adsimili
313 1954 426 2019 lateris
449 1955 570 2020 flexura
592 1955 738 2039 praedita
761 1959 881 2034 nostri,

149 2043 343 2134 dexteraea
364 2077 495 2153 propter
517 2072 610 2135 nobis
633 2071 805 2136 simulacra
827 2073 1011 2166 remittunt,

149 2189 204 2247 aut
227 2184 301 2265 quia
324 2185 363 2248 de
387 2185 517 2266 speculo
539 2185 573 2248 in
595 2186 761 2269 speculum
783 2186 971 2251 transfertur
993 2188 1122 2272 imago,

149 2298 225 2362 inde
248 2299 289 2362 ad
312 2319 371 2363 nos
394 2299 473 2364 elisa
496 2299 545 2363 bis
568 2299 716 2377 advolat,
734 2307 788 2364 aut
811 2301 903 2364 etiam
928 2302 1012 2382 quod

74 2434 124 2480 340
150 2414 267 2478 circum
291 2414 415 2494 agitur,
433 2433 505 2477 cum
528 2415 632 2497 venit,
648 2415 755 2497 imago
778 2421 950 2498 propterea
972 2417 1057 2498 quod

148 2527 231 2591 flexa
253 2528 356 2609 figura
380 2528 475 2592 docet
498 2528 618 2611 speculi
642 2527 819 2592 convertier
841 2529 882 2592 ad
905 2549 983 2593 nos.

149 2641 319 2722 indugredi
342 2663 437 2726 porro
461 2643 579 2726 pariter
603 2642 775 2706 simulacra
796 2644 976 2725 pedemque

148 2776 271 2839 ponere
295 2757 458 2820 uobiscum
483 2755 595 2821 credas
618 2762 806 2838 gestumque
831 2758 945 2822 imitari

148 2875 320 2954 propterea
343 2871 439 2952 quia,
456 2871 497 2935 de
520 2872 639 2954 speculi
665 2892 726 2952 qua
749 2878 838 2955 parte
863 2873 1016 2956 recedas,

72 3005 122 3050 eru
149 2985 299 3049 continuo
323 2991 484 3066 nequeunt
506 2984 594 3049 illinc
617 2985 784 3050 simulacra
805 2990 940 3072 reverti3

154 3099 263 3162 omnia
286 3099 542 3181 quandoquidem
568 3102 652 3184 cogit
675 3109 787 3165 natura
809 3101 921 3166 referri

149 3234 187 3277 ac
211 3214 333 3278 resilire
357 3215 398 3278 ab
422 3217 517 3280 rebus
541 3216 582 3280 ad
606 3235 727 3297 aequos
751 3218 875 3281 reddita
898 3218 1018 3283 flexus.

75 3347 125 3392 333
191 3327 369 3411 Splendida
392 3350 485 3410 porro
510 3332 592 3395 oculi
616 3332 755 3410 fugitant
777 3332 941 3411 vitantque
964 3334 1064 3396 tueri:

150 3441 196 3505 scl
220 3443 315 3506 etiam
339 3450 467 3528 caecat,
485 3453 595 3510 contra
617 3447 643 3509 si
666 3446 803 3509 tendere·
819 3466 957 3527 pergas,

148 3561 317 3639 propterea
341 3559 415 3639 quia
438 3560 486 3626 vis
509 3564 658 3643 magnast
680 3559 800 3642 ipsiuS‚
818 3566 848 3622 et
871 3559 935 3623 alte

147 3679 223 3736 a’e'ra
245 3692 437 3757 perpurum
462 3675 600 3756 graviter·
622 3673 796 3737 simulacra
817 3672 963 3738 feruntur

147 3790 179 3850 et
202 3787 317 3851 feriunt
339 3786 468 3868 oculos,
486 3789 646 3853 turbantia
669 3788 919 3870 compositurus.

144 3905 316 3980 praeterea
338 3897 490 3983 splendor·
512 3901 566 3980 qui
589 3893 724 3984 cumque
747 3909 795 3967 est
817 3923 891 3968 acer
913 3903 1018 3968 adurit

67 4031 119 4078 eoo
146 4031 246 4097 saepe
271 4015 381 4078 oculos
402 4013 476 4078 ideo
500 4015 586 4094 quod
609 4018 730 4081 semina
753 4017 897 4101 possidet
919 4018 1002 4100 ignis

147 4179 349 4186 —--—-.

148 4277 324 4327 1124313331
348 4275 361 4348 ΙΙ
388 4281 437 4328 327
458 4289 502 4329 aut
520 4281 659 4331 omissum.
685 4278 698 4350 Η
723 4283 773 4330 328
792 4282 898 4332 latebit.
923 4283 936 4350 Η
963 4286 1013 4333 334
1034 4286 1156 4334 convertit
1178 4282 1192 4355 Η
1218 4291 1266 4338 341

149 4365 245 4413 lilexea
265 4364 278 4432 Η
299 4369 350 4414 304
369 4375 438 4416 taoer
456 4367 567 4417 ardurit.
