3266 4994
707 377 751 443 ill
1231 381 1291 447 109
1384 451 1388 458 ,

166 555 329 616 ettamen
351 549 436 616 haud
459 569 621 632 quaquam
643 554 771 615 nostros
794 555 869 614 tunc
889 550 947 614 illa
968 571 1025 635 per
1048 555 1134 616 artus

165 666 264 748 longe
287 668 328 732 ab
352 665 518 731 sensiferis
540 664 716 749 primordia
738 665 877 730 motibus
899 671 1028 744 errant,

90 799 140 848 925
167 801 237 845 cum
261 787 424 863 correptus
447 780 542 844 homo
567 800 605 844 ex
628 800 740 845 somno
764 799 799 845 se
823 779 947 862 colligit
967 782 1059 864 ipsc.
1153 757 1156 764 ,

165 895 263 959 multo
286 895 383 976 igitur
405 901 538 959 mortem
560 894 664 958 minus
687 893 730 959 ad
753 915 813 959 nos
836 914 908 960 esse
929 895 1156 978 putandumst;

166 1011 194 1074 si
217 1010 321 1074 minus
344 1029 414 1075 esse
436 1015 542 1094 potest
564 1029 660 1090 quam
683 1009 770 1090 quod
793 1009 836 1073 nil
862 1029 934 1074 esse
956 1009 1120 1073 videmus:

166 1125 269 1190 maior
292 1124 376 1190 enim
398 1124 509 1188 turbae
533 1125 684 1189 disiectus
711 1123 857 1188 materiai

165 1237 368 1328 consequitur
389 1238 472 1321 leto,
490 1259 550 1304 nec
573 1240 743 1320 quisquam
765 1239 949 1322 expergitus
973 1244 1099 1321 exstat,

85 1373 141 1420 999
167 1353 286 1436 frigida
309 1373 403 1434 quem
427 1354 526 1417 semel
549 1360 598 1418 est
618 1351 698 1418 vitai
720 1373 825 1436 pausa
848 1357 977 1416 secuta.

206 1467 351 1548 Denique
373 1467 402 1532 si
422 1487 533 1532 vocem
555 1487 659 1531 rerum
682 1473 798 1531 natura
820 1473 952 1551 repente

167 1581 271 1645 mittat
293 1587 323 1646 ct
345 1581 405 1645 hoc
427 1581 526 1646 alicui
547 1591 688 1647 nostrum
712 1582 758 1646 sic
780 1581 921 1663 increpet
942 1581 1037 1664 ipsa,

162 1691 253 1780 ‘quid
274 1695 333 1760 tibi
356 1701 444 1760 tanto
468 1702 611 1780 operest,
628 1697 789 1774 mortalis,
807 1695 894 1778 quod
914 1695 1006 1759 nimis
1029 1695 1136 1776 aegris

166 1811 304 1876 luctibus
326 1809 501 1892 indulges?
517 1810 593 1892 quid
617 1817 749 1876 mortem
772 1811 934 1892 congemis
956 1831 994 1874 ac
1016 1809 1102 1876 fies?

88 1947 141 1995 935
168 1947 242 1990 nam
265 1925 365 2008 gratis
387 1924 448 1989 fuit
470 1925 548 1990 hacc
569 1926 627 1990 tibi
649 1927 714 1990 vita
736 1931 811 1990 ante
834 1930 908 1990 acta
930 1926 1101 2011 priorque,

167 2022 198 2107 et
220 2062 284 2106 non
308 2041 416 2104 omnia
437 2046 599 2124 pertusum
623 2045 778 2122 congesta
801 2041 891 2122 quasi
913 2040 947 2103 in
970 2060 1027 2104 vas

168 2154 337 2221 commoda
359 2154 536 2239 perfluxere
559 2161 656 2236 atque
679 2155 806 2238 ingrata
826 2154 996 2220 interiere:

168 2292 223 2335 cur
244 2291 309 2334 non
331 2275 365 2333 ut
386 2269 499 2353 plenus
522 2270 606 2334 vitae
630 2270 764 2336 conviva
789 2270 935 2346 recedis,

168 2405 272 2465 aequo
296 2384 466 2465 animoque
489 2386 579 2468 capis
601 2406 764 2468 securam,
781 2385 895 2466 stulte,
912 2382 1080 2464 quietem?

91 2520 146 2567 940
170 2499 220 2564 sin
243 2519 282 2564 ea
306 2519 389 2581 quae
411 2498 532 2563 fructus
555 2517 691 2578 cumque
714 2517 748 2563 es
771 2499 894 2581 periere
917 2496 1070 2582 profusa,

169 2613 297 2695 riteque
319 2613 351 2676 in
375 2613 548 2691 offensust,
565 2633 620 2676 eur
644 2612 781 2696 amplius
804 2611 924 2676 addere
946 2614 1095 2692 quaeris,

170 2748 293 2792 rursum
317 2729 402 2810 quod
424 2733 536 2811 pereat
559 2727 643 2791 male
666 2733 697 2790 et
719 2726 880 2808 ingratum
903 2724 1027 2789 occidat
1050 2741 1164 2808 omne,

170 2862 235 2906 non
256 2842 362 2926 potius
384 2843 470 2907 vitae
492 2841 586 2906 linem
609 2840 691 2906 facis
714 2848 812 2922 atque
834 2839 983 2904 laboris?

170 2976 246 3020 nam
267 2957 325 3022 tibi
348 2963 512 3040 praeterea
535 2955 621 3036 quod
645 2955 807 3020 machiner
828 2954 1075 3035 inveniamque,

92 3091 146 3138 949
173 3072 259 3152 quod
281 3073 408 3156 placeat
422 3122 429 3149 ,
444 3070 489 3134 nil
513 3076 580 3136 est:
600 3070 712 3136 eadem
735 3075 809 3135 sunt
831 3070 937 3133 omnia
960 3087 1106 3152 semper.

170 3184 198 3249 si
221 3185 277 3250 tibi
299 3205 364 3249 non
387 3184 480 3249 annis
503 3204 618 3269 corpus
641 3186 706 3250 iam
729 3191 849 3250 marcet
872 3189 903 3248 et
923 3190 1012 3252 artus

171 3297 308 3364 confecti
329 3301 502 3383 languent,
520 3299 633 3364 eadem
657 3307 764 3365 tamen
788 3299 896 3364 omnia
916 3303 1064 3379 restant,

170 3413 279 3478 omnia
302 3413 329 3478 si
351 3433 470 3499 pergas
492 3413 628 3479 vivendo
652 3414 779 3478 vincere
802 3413 932 3485 saecla,

171 3535 267 3609 atque
291 3531 387 3594 etiam
410 3531 535 3614 potius,
553 3531 579 3594 si
603 3548 773 3610 numquam
798 3519 1060 3608 sis-moriturus‚'

93 3661 145 3710 oso
172 3643 246 3724 quid
270 3644 521 3728 respondemus,
538 3645 600 3710 nisi
622 3645 737 3708 iustam
759 3641 924 3707 intendere
946 3639 1033 3705 litem

170 3764 315 3822 naturam
338 3764 369 3821 et
391 3777 499 3822 veram
521 3757 627 3824 verbis
651 3775 810 3842 exponere
832 3756 989 3820 causam?

93 3890 145 3938 oso
169 3871 321 3954 grandior
343 3871 395 3936 hic
416 3891 492 3935 vero
516 3872 543 3935 si
565 3872 630 3937 iam
654 3872 824 3954 seniorque
848 3876 999 3955 queratur

93 4006 144 4054 952
171 3992 267 4067 atque
290 3987 411 4052 obitum
433 3986 625 4051 lamentetur
647 3987 744 4051 miser
766 3987 902 4071 amplius
924 4004 1049 4067 aequo,

174 4251 224 4302 995
243 4251 307 4302 haec
326 4253 466 4304 omissum.
487 4249 501 4320 Η
522 4255 569 4302 941
592 4251 713 4301 offensost
733 4249 745 4320 Η
767 4255 816 4302 943
836 4252 899 4304 iacis
919 4249 932 4321 Η
957 4254 1006 4302 945
1026 4249 1109 4313 plncet.
1133 4246 1146 4318 Η
1173 4250 1222 4299 947
1242 4252 1296 4301 lan-

174 4347 268 4402 guente
288 4335 303 4407 Η
321 4347 413 4389 restat.
434 4340 448 4407 Η
470 4343 520 4390 948
539 4355 628 4404 perges
648 4335 661 4407 Η
682 4340 732 4389 950
751 4341 772 4388 si
