3236 5020
373 353 416 418 34
929 351 942 414 l

375 527 518 598 constet,
542 541 583 585 an
606 522 794 586 immensum
816 526 927 603 pateat
947 525 1102 601 vasteque
1124 518 1340 603 profundum.

418 634 520 700 Omne
544 635 629 717 quod
653 642 702 700 est
724 635 821 717 igitur
842 635 932 698 nulla
953 635 1085 716 regione
1108 634 1229 698 viarum

376 748 547 814 finitumst:
572 769 711 830 namque
735 755 910 814 extremum
933 748 1072 814 debebat
1094 748 1234 814 habere:

300 882 351 929 900
377 868 552 928 extremum
574 883 669 947 porro
692 861 810 928 nullius
832 882 928 946 posse
950 862 1076 928 videtur

377 996 468 1054 esse,
492 977 554 1042 nisi
576 977 659 1041 ultra
681 977 722 1044 sit
745 977 830 1058 quod
853 976 960 1055 liniat;
983 984 1018 1040 ut
1040 977 1184 1043 videatur

375 1116 438 1176 quo
461 1113 526 1158 non
547 1092 675 1174 longius
698 1092 780 1156 haec
800 1109 914 1157 sensus
938 1098 1052 1156 natura
1072 1097 1244 1174 sequatur.

375 1229 460 1273 nuno
482 1214 573 1273 extra
596 1227 752 1271 summanr
777 1201 929 1287 qnoniam
952 1206 996 1269 nil
1019 1226 1089 1270 esse
1110 1205 1293 1287 fatendum,

374 1344 438 1388 non
461 1323 557 1386 babet
579 1328 774 1404 extremum,
798 1327 885 1386 09909
907 1341 982 1405 ergo
1006 1322 1068 1385 tine
1091 1321 1272 1401 modoque.

300 1459 350 1505 909
376 1458 434 1502 000
456 1435 554 1501 refert
577 1435 692 1516 quibus
715 1435 856 1500 adsistas
878 1436 1063 1520 regionibus
1086 1436 1174 1501 eius:

374 1571 474 1634 usque
497 1550 598 1635 adeo,
622 1571 714 1630 quern
739 1551 873 1632 quisque
894 1552 999 1616 locum
1021 1551 1185 1634 possedit,
1208 1551 1240 1614 in
1263 1551 1366 1616 omnis

376 1667 563 1731 tantundem
587 1665 686 1749 partis
708 1665 863 1729 inlinitum
888 1685 981 1730 omne
1002 1665 1170 1746 relinquit.

375 1785 545 1864 praeterea
568 1780 593 1844 si
617 1780 680 1842 iarn
704 1779 824 1844 linitum
847 1782 1057 1845 constituatur

375 1915 469 1958 omne
493 1895 577 1975 quod
602 1900 649 1958 est
672 1895 828 1978 spatium,
852 1895 952 1977 siquis
974 1900 1140 1977 procurrat
1163 1895 1203 1958 ad
1228 1915 1301 1959 0999

300 2030 350 2075 990
375 2011 504 2074 ultimus
528 2015 685 2073 extremas
708 2009 869 2090 iaciatque
892 2009 1020 2072 volatile
1043 2010 1160 2092 telum,

375 2123 408 2186 id
430 2123 547 2188 validis
570 2131 674 2186 utrum
698 2127 875 2188 contortum
898 2123 1017 2187 viribus
1039 2123 1087 2188 ire

376 2259 438 2320 quo
461 2238 558 2302 900999
579 2239 711 2302 missurn
734 2237 836 2300 mavis
860 2227 1020 2322 longeque
1040 2237 1169 2320 volare,

375 2372 419 2415 an
440 2351 610 2436 prohibere
634 2352 753 2433 aliquid
779 2371 891 2417 censes
914 2353 1103 2434 obstareque
1121 2353 1244 2436 posse?

377 2467 562 2531 alterutrum
587 2466 826 2530 999099990οἱιο
850 2487 1022 2548 sumasque
1043 2473 1225 2532 necessest.

300 2601 349 2646 are
376 2602 508 2662 quorum
531 2587 701 2661 utrumque
724 2582 780 2645 tibi
803 2583 954 2665 effugium
978 2583 1156 2666 praecludit
1177 2589 1209 2645 et
1232 2600 1325 2644 ornne

376 2697 460 2777 cogit
482 2701 517 2758 ut
540 2703 689 2778 exempta
712 2695 872 2761 concedas
895 2698 957 2762 tine
979 2705 1113 2782 patere.

375 2829 449 2873 nam
472 2810 539 2875 sive
562 2817 610 2874 est
632 2811 747 2891 aliquit
769 2811 854 2892 quod
878 2814 1013 2894 probeat
1034 2813 1218 2892 0990999000

376 2945 438 3005 000
460 2923 555 2987 miuu’
579 2946 642 3005 000
665 2927 794 2990 missum
818 2932 866 2990 est
887 2928 997 2993 veniat
1017 2928 1136 3009 finique
1159 2928 1321 3003 1000990,

377 3040 443 3103 sive
465 3039 554 3103 90999
576 3040 695 3116 909909,
719 3062 782 3104 nou
805 3046 855 3105 099
877 3062 897 3104 9
919 3042 980 3106 900
1002 3042 1200 3126 protectum.

301 3173 351 3218 900
376 3151 436 3216 lroc
458 3159 551 3236 pacto
576 3175 692 3236 sequar
714 3161 832 3239 atque,
857 3176 929 3220 oras
953 3158 1007 3221 ubi
1030 3177 1164 3238 cumque
1186 3156 1303 3219 locaris

378 3275 556 3351 extremas,
581 3289 734 3350 quaeram
757 3270 833 3352 quid
857 3271 920 3335 9010
944 3271 1083 3352 denique
1104 3271 1179 3334 999.

375 3381 429 3445 fiet
450 3383 494 3444 uti
519 3404 675 3465 nusquam
697 3385 799 3468 possit
821 3386 995 3450 consistere
1022 3386 1114 3467 linis,

377 3496 594 3578 effugiumque
618 3498 715 3583 fugae
737 3499 877 3582 prolatet
898 3499 993 3581 copia
1014 3517 1160 3579 semper.

419 3612 589 3677 Praeterea
612 3614 749 3696 spatium
773 3613 908 3677 summai
930 3612 1027 3675 totius
1050 3627 1144 3674 omne

301 3742 350 3788 990
377 3723 518 3805 undique
542 3728 567 3790 si
590 3727 745 3791 inclusum
766 3726 863 3789 oertis
887 3723 1075 3788 consisteret
1102 3723 1166 3788 oris

376 3838 562 3920 finitumque
585 3840 688 3916 90909,
710 3839 775 3902 iarn
798 3837 892 3920 copia
916 3838 1064 3902 materiai

376 3952 516 4034 undique
538 3951 735 4036 ponderibus
758 3950 871 4016 solidis
894 3951 1054 4018 confluxet
1075 3953 1118 4019 ad
1139 3955 1256 4039 imum,

310 4259 313 4266 .
380 4223 429 4269 957
449 4220 572 4267 imeusum
592 4214 605 4286 ll
626 4221 675 4266 966
695 4233 800 4267 omnus.
827 4216 840 4288 Η
867 4223 914 4270 971
936 4222 966 4271 10
992 4219 1005 4291 Η
1031 4224 1079 4272 981
1100 4224 1159 4272 909.
1180 4221 1193 4290 ΙΙ
1219 4223 1270 4270 984
1289 4218 1395 4269 seatium
1416 4213 1430 4282 ll
1448 4217 1493 4265 985

381 4307 492 4354 inclusus
511 4307 525 4372 Η
546 4308 594 4356 987
615 4307 740 4356 confluxit
