3240 5010
349 367 408 430 188
894 357 922 420 V

346 531 579 616 nympharum,
596 528 712 610 quibus
735 548 752 591 e
776 528 899 592 scibant
922 529 1031 594 umori'
1053 528 1173 594 fluenta

208 649 218 669 ⁸
271 667 321 713 959
347 643 470 709 lubrica
492 643 634 728 proluvie
657 643 749 726 larga
771 642 880 706 lavere
903 640 1013 707 umida
1036 663 1137 720 saxa,

347 756 457 821 umida
479 776 581 833 saxa,
599 776 694 840 super
716 757 807 821 viridi
831 755 984 820 stillantia
1006 776 1135 838 musco,

347 877 379 936 et
401 871 517 956 partim
540 870 637 954 plano
661 876 784 935 scatere
806 877 901 952 atque
924 888 1088 953 erumpere
1111 888 1244 953 campo.

277 1045 284 1060 ,
346 1001 407 1051 n‘ec
430 983 504 1048 dum
528 1003 580 1049 res
603 983 671 1065 igni
695 983 819 1048 scibant
840 987 977 1049 tractare
1000 963 1105 1066 neque
1128 981 1173 1044 uti

349 1099 487 1184 pellibus
511 1106 542 1163 et
564 1098 676 1182 spoliis
699 1117 814 1180 corpus
837 1096 954 1162 vestire
977 1098 1137 1181 ferarum,

274 1235 323 1281 955
350 1215 406 1279 999
431 1231 562 1277 nemora
585 1217 680 1291 atque
705 1231 801 1276 cavos
823 1211 939 1276 montis
963 1211 1123 1293 silvasque
1147 1211 1316 1295 colebant,

348 1333 379 1392 et
402 1326 530 1391 frutices
554 1325 637 1391 inter
660 1324 841 1390 condebant
864 1325 1013 1408 squalida
1036 1327 1197 1402 membra,

347 1441 481 1506 verbera
504 1446 668 1506 ventorum
692 1439 793 1503 vitare
815 1439 990 1523 imbrisque
1015 1440 1135 1506 coacti.

348 1575 408 1620 neo
431 1573 596 1620 commune
620 1555 736 1618 bonum
759 1561 907 1639 poterant
930 1562 1097 1639 spectare,
1115 1573 1218 1636 neque
1241 1553 1315 1618 ullis

346 1671 488 1734 moribus
511 1669 593 1733 inter
617 1687 650 1733 99
674 1667 799 1734 scibant
820 1689 880 1734 nec
903 1669 1027 1754 legibus
1051 1669 1115 1734 uti.

274 1807 323 1852 999
349 1783 434 1866 quod
459 1784 572 1866 cuique
596 1782 753 1848 obtulerat
775 1783 917 1867 praedae
940 1783 1086 1864 fortuna,
1103 1783 1228 1850 ferebat

348 1905 461 1981 sponte
485 1918 544 1962 sua
567 1897 629 1962 sibi
652 1897 785 1980 quisque
807 1899 916 1962 valere
941 1903 971 1961 et
993 1897 1101 1964 vivere
1124 1899 1255 1964 doctus.

348 2021 379 2077 et
404 2013 511 2076 Venus
534 2011 568 2075 in
590 2011 679 2075 silvis
701 2011 855 2095 iungebat
878 2031 1012 2096 corpora
1034 2019 1219 2078 amantum:

348 2127 542 2192 conciliabat
565 2127 648 2190 enim
673 2126 723 2189 vel
746 2131 855 2188 mutua
878 2146 1036 2208 quamque
1060 2127 1175 2212 cupido

347 2244 396 2306 vel
419 2242 562 2308 violenta
583 2241 641 2303 viri
665 2239 712 2302 vis
736 2239 832 2321 atque
857 2240 993 2324 inpensa
1016 2241 1114 2307 libido

273 2380 322 2425 995
349 2358 399 2421 vel
422 2358 580 2442 pretium,
598 2354 735 2435 glandes
758 2361 853 2438 atque
877 2355 981 2420 arbita
1004 2357 1144 2442 vellpira
1166 2357 1271 2422 lecta.

348 2479 380 2537 et
402 2491 553 2536 manuum
577 2470 655 2533 mira
678 2471 750 2536 freti
773 2470 886 2536 virtute
910 2471 1091 2555 pedumque

348 2586 613 2652 consectabantur
636 2584 794 2651 silvestria
817 2585 927 2650 saecla
950 2585 1112 2670 ferarum,

348 2703 510 2783 multaque
533 2701 720 2784 vincebant,
737 2700 884 2764 vitabant
906 2720 1008 2782 pauca
1030 2702 1182 2787 latebris,

350 2815 581 2898 saetigerisque
603 2835 699 2902 pares
724 2815 822 2880 subus

274 2953 323 2999 995
348 2930 518 2996 missilibus
541 2933 628 2996 saxis
652 2938 683 2995 et
704 2951 821 3014 magno
844 2931 987 3016 pondere
1009 2932 1142 2996 clavae.

847 3045 1006 3110 silvestria
1030 3048 1171 3112 membra

257 3153 323 3227 'aro
350 3158 437 3223 nuda
460 3158 582 3240 dabant
604 3165 707 3224 terrae
721 3210 728 3236 ‚
744 3165 898 3224 nocturno
922 3165 1064 3243 tempore
1087 3160 1193 3245 capti,

349 3275 466 3338 circum
490 3293 524 3338 se
547 3273 630 3338 foliis
653 3293 691 3337 ac
713 3273 881 3338 frondibus
903 3273 1120 3340 involventes.

347 3410 406 3454 nec
429 3388 584 3472 plangore
607 3388 693 3455 diem
716 3409 835 3470 magno
859 3387 1022 3469 solemque
1045 3409 1103 3473 por
1124 3409 1221 3471 agros

349 3503 545 3586 quaerebant
568 3503 675 3586 pavidi
697 3504 849 3587 palantes
872 3503 973 3568 noctis
997 3503 1029 3567 in
1052 3505 1192 3581 umbris,
1237 3483 1241 3490 ’

350 3618 409 3682 sed
432 3616 517 3681 taciti
541 3620 765 3702 respectabant
787 3637 962 3699 somnoque
985 3618 1122 3702 sepulti,

274 3755 324 3801 999
349 3733 423 3796 dum
446 3751 539 3796 rosea
561 3731 631 3798 face
655 3735 702 3798 sol
725 3733 854 3799 inferret
876 3733 997 3798 lumina
1019 3733 1129 3798 caelo:

350 3846 502 3930 apannis
526 3847 611 3928 quod
635 3848 717 3912 enim
742 3854 935 3914 consuerant
956 3865 1086 3911 cernere
1109 3867 1236 3932 semper

350 3962 473 4028 alterno
496 3961 645 4027 tenebras
666 3967 698 4028 ot
719 3963 822 4026 lucem
844 3967 986 4045 ternpore
1009 3961 1118 4048 gigni,

350 4098 413 4142 non
437 4084 507 4142 erat
528 4083 563 4141 ut
583 4078 652 4141 lieri
673 4080 783 4162 posset
806 4073 950 4142 mirarier
972 4099 1121 4160 umquam

353 4245 402 4291 949
417 4257 504 4292 umore
525 4238 539 4308 ΙΙ
559 4243 609 4290 999
622 4241 735 4290 scribant
755 4237 767 4309 il
789 4245 838 4293 999
852 4243 965 4294 sciebant
986 4240 999 4311 li
1020 4247 1069 4292 962
1084 4244 1186 4308 lugebat
1206 4239 1219 4310 ll
1242 4245 1292 4294 979
1306 4242 1443 4294 Nudabant
1458 4240 1472 4312 {l

353 4331 402 4380 979
417 4329 516 4395 par-vidi
538 4325 550 4395 ll
572 4329 621 4377 976
641 4337 712 4378 rosea
733 4325 745 4398 ll
768 4331 816 4380 977
836 4329 944 4396 Apervis
