3266 4994
688 392 747 456 ΠΠ

155 563 308 627 cernundi
332 583 436 644 neque
457 553 554 648 posse
576 564 644 627 sine
666 563 716 627 his
738 583 790 627 res
812 564 878 627 ulla
899 565 1021 628 videri.

156 697 239 742 nune
262 697 301 742 ea
324 697 407 759 quae
430 678 501 743 dieo
525 699 629 742 rerum
653 677 823 742 simulacra
846 677 987 742 seruntur·

74 811 130 857 240
156 790 294 873 undique
318 799 350 857 et
372 793 405 856 in
428 801 556 858 cunetas
578 793 736 857 iaciuntur
758 791 857 855 didita
879 793 1000 875 partis:

152 926 264 970 verum
288 927 346 971 nes
369 909 471 972 oeulis
493 909 568 989 quia
591 907 669 972 solis
690 925 819 971 eernere
842 907 986 989 quimus,

152 997 379 1130 propterepiit
401 1024 465 1107 uti,
483 1022 622 1107 speeiem
646 1044 708 1105 quo
731 1023 902 1104 vertimur,
919 1041 1029 1086 omnes

154 1154 206 1198 res
228 1135 273 1199 ibi
295 1155 367 1202 eam
391 1144 502 1201 contra
525 1137 640 1202 feriant
662 1137 765 1200 forma
788 1141 883 1216 atque
906 1137 1032 1201 colore.

152 1252 184 1312 et
207 1256 357 1331 quantum
381 1271 527 1333 quaeque
550 1252 590 1315 ab
613 1252 707 1315 nobis
728 1269 781 1314 res
804 1251 907 1328 absit,
923 1249 1030 1333 imago

75 1381 128 1428 245
157 1361 255 1427 eldeit
276 1370 310 1428 ut
331 1364 498 1431 videamus
520 1371 553 1429 et
573 1365 788 1431 internoscere
811 1366 914 1447 cogit:

155 1495 229 1540 narn
253 1497 323 1541 eum
346 1471 498 1562 mittitur,
516 1479 675 1563 extemplo
697 1479 855 1563 protrudit
877 1481 1006 1562 agitque

153 1598 230 1655 aera
254 1593 306 1674 qui
328 1593 410 1657 inter
432 1613 467 1657 se
490 1612 624 1675 eumque
648 1599 696 1658 est
719 1595 892 1676 oculosque
915 1595 1057 1678 locatus,

152 1704 244 1787 isque
265 1707 311 1770 ita
333 1725 390 1790 per
411 1714 537 1771 nostras
560 1708 645 1772 acies
668 1709 843 1791 perlabitur
866 1710 968 1774 omnis

153 1824 184 1884 et
206 1821 298 1903 quasi
320 1826 479 1904 perterget
500 1822 640 1906 pupillas
662 1829 759 1904 atque
780 1823 824 1886 ita
846 1824 979 1888 transit.

73 1956 124 2001 252
151 1943 319 2019 propterea
341 1935 376 1998 dt
396 1935 441 1999 uti
463 1935 628 2001 videamus
652 1957 747 2019 qnam
769 1939 881 2021 procul
903 1939 987 2003 absit

75 2069 127 2116 250
153 2068 205 2114 res
228 2069 396 2131 quaeque.
413 2056 444 2114 et
467 2052 680 2136 quantoplus
704 2056 788 2120 ae'ris
811 2061 885 2120 ante
908 2054 1049 2136 agitatur

65 2182 125 2258 ⁸aaa
151 2169 183 2226 et
203 2169 330 2228 nostros
353 2166 463 2230 oeulos
484 2174 646 2251 perterget
667 2169 793 2249 longior
815 2189 915 2252 aura,

150 2283 215 2340 tam
239 2278 349 2361 procul
372 2298 443 2345 esse
465 2282 570 2362 magis
593 2303 645 2347 res
668 2301 816 2365 quaeque
840 2289 960 2347 remota
981 2281 1126 2345 videtur.

130 2392 289 2476 seilicet,
306 2394 385 2459 haee
408 2415 529 2459 summe
552 2397 647 2461 celeri
670 2399 793 2462 ratione
816 2403 990 2479 geruntur,

30 2597 32 2604 Α
74 2525 126 2571 255
149 2506 246 2588 quale
269 2508 310 2571 sit
331 2514 365 2571 ut
386 2510 570 2594 videamus,
588 2517 619 2576 et
641 2532 706 2575 nna
728 2533 824 2600 quam
848 2511 959 2594 procul
981 2511 1082 2574 absit.

149 2621 228 2685 illud
250 2623 284 2686 in
306 2623 355 2688 his
379 2625 474 2690 rebus
497 2625 625 2691 minime
648 2627 796 2690 mirabile
819 2623 1053 2704 habendumst,

149 2756 224 2815 eur,
242 2757 282 2801 ea
305 2757 388 2819 qnae
411 2737 526 2802 feriant
548 2742 658 2806 oeulos
681 2740 853 2806 simulacra
875 2739 977 2804 videri

148 2852 276 2935 singula
298 2872 369 2916 cunr
392 2860 571 2935 nequeant,
588 2874 639 2920 res
661 2856 752 2940 ipsae
774 2853 1029 2940 perspiciantur.

150 2973 263 3032 ventus
285 2967 370 3031 enim
394 2988 520 3051 quoque
543 2970 696 3052 paulatim
721 2991 790 3036 curn
813 2969 962 3035 verberat
983 2975 1014 3033 et
1037 2989 1108 3034 eum

73 3104 121 3149 262
150 3102 224 3147 aere
247 3081 316 3145 fluit
337 3082 457 3163 frigus,
474 3105 538 3149 nnn
561 3085 682 3168 privam
705 3107 863 3169 quamque
887 3086 1026 3152 solemus

74 3218 125 3265 260
150 3197 339 3282 particulam
361 3199 446 3262 venti
471 3201 587 3264 sentire
611 3207 643 3265 et
664 3199 793 3284 frigoris
816 3201 905 3276 eius,

75 3331 125 3377 262
152 3310 210 3375 sed
232 3311 338 3392 magis
361 3333 511 3390 unersum
525 3367 532 3394 ‚
548 3315 679 3398 fierique
701 3315 836 3400 perinde
858 3315 1003 3380 videmus

153 3443 283 3509 corpore
306 3430 372 3490 turn
397 3429 514 3512 plagas
537 3431 569 3494 in
591 3436 700 3495 nostro
722 3438 787 3496 tam
813 3450 909 3512 quam
932 3427 1059 3508 aliquae
1084 3447 1135 3492 res
1202 3491 1205 3496 .

150 3539 298 3604 verberet
320 3547 414 3623 atque
436 3543 487 3608 sui
509 3545 563 3608 det
585 3563 715 3609 sensum
737 3543 879 3627 eorporis
903 3547 1011 3606 extra.

73 3672 124 3718 255
150 3660 320 3735 praeterea
342 3655 481 3739 lapidem
504 3657 603 3740 digito
627 3677 698 3722 cunr
721 3657 903 3741 tundimus,
919 3657 1024 3741 ipsum

150 3768 311 3851 tangimus
333 3776 508 3834 extremum
531 3773 599 3836 saxi
622 3792 842 3854 summumque
865 3772 1023 3851 colorem,

148 3902 208 3947 nee
229 3884 384 3949 sentimus
407 3905 478 3950 eum
501 3888 605 3968 tactu,
621 3905 730 3950 verum
755 3887 858 3967 magis
879 3888 983 3972 ipsam

150 3996 299 4062 duritiem
320 3999 446 4082 penitus
468 3997 539 4063 saxi
561 3999 714 4065 sentimus
736 4002 769 4066 in
792 4003 878 4067 alto.

152 4268 203 4316 240
223 4267 309 4317 dedita
332 4265 346 4336 Η
374 4269 423 4317 245
443 4275 531 4318 curat.
556 4263 570 4332 ll
596 4267 644 4314 246
664 4267 777 4329 protudit
802 4263 814 4335 ll
841 4269 891 4317 249
911 4275 1023 4332 perleget
1043 4264 1057 4334 {l
1081 4267 1131 4315 263
1150 4273 1236 4315 revela
1256 4261 1270 4335 Η

152 4355 201 4404 261
225 4354 334 4418 primam
355 4352 367 4420 ΙΙ
389 4357 437 4404 267
458 4355 529 4419 ipsa.
