3266 4994
729 409 772 473 Ill

186 588 217 647 et
239 581 303 646 iam
318 581 432 647 'cetera
454 581 494 647 de
517 598 635 664 genere
657 577 718 643 hoc
741 599 822 659 quae
845 597 981 659 cumque
1004 584 1171 664 secuntur,

185 717 241 761 cur
263 715 303 760 ea
325 704 418 780 sunt,
435 695 497 761 nisi
520 693 606 776 quod
629 712 759 757 vemens
783 692 936 757 violentia
958 693 1022 757 viui

186 811 377 876 conturbare
400 811 541 874 animam
564 807 730 873 consuevit
751 827 884 891 corpore
907 807 938 869 in
961 807 1061 890 ipso?

186 932 219 990 at
242 944 324 1006 quae
348 945 481 1006 cumque
505 928 625 1004 queunt
647 920 828 987 conturbari
849 921 946 1001 inque
970 920 1093 1005 pediri,

108 1059 160 1107 400
187 1039 389 1122 significant,
406 1038 502 1122 paulo
527 1038 554 1102 si
578 1036 686 1100 durior
707 1035 874 1100 insinuarit

185 1173 306 1232 eausa,
324 1152 393 1218 tore
415 1159 450 1216 ut
472 1159 603 1235 pereant
625 1172 705 1216 aevo
730 1151 853 1234 privata
876 1147 1002 1214 tuturo.

187 1269 261 1349 quin
286 1267 381 1331 etiam
404 1267 507 1333 subito
529 1268 561 1331 vi
583 1266 684 1331 morbi
707 1283 805 1346 saepe
828 1269 956 1328 coactus

185 1387 259 1446 ante
283 1381 393 1445 oculos
415 1381 532 1463 aliquis
553 1387 700 1464 nostros,
717 1385 751 1442 ut
772 1377 912 1442 fulminis
935 1378 1019 1456 ictu,

128 1539 133 1548 ,
185 1495 322 1560 concidit
344 1499 374 1558 et
397 1515 525 1578 spumas
550 1496 638 1577 agit,
654 1493 787 1579 ingemit
810 1498 840 1556 et
861 1492 967 1556 tremit
990 1497 1100 1575 artus,

110 1632 162 1678 490
187 1609 321 1692 desipit,
339 1614 482 1674 extentat
503 1629 639 1687 nervos,
655 1615 839 1691 torquetur,
857 1606 988 1670 anhelat
1010 1691 1011 1694 Ἴ

187 1727 420 1807 inconstanter,
438 1729 468 1787 et
489 1724 522 1787 iu
543 1724 694 1788 iactando
716 1722 860 1787 membra
881 1719 1011 1803 fatigat.

185 1837 217 1900 ni
241 1837 371 1922 mirum,
389 1839 465 1920 quia
488 1838 536 1902 vis
558 1839 660 1903 morbi
683 1838 836 1901 distracta
857 1854 916 1920 per
938 1842 1026 1898 artus

184 1952 309 2036 turbat,
326 1973 426 2034 agens
449 1953 589 2018 animam
613 1957 759 2036 spumat,
778 1951 869 2031 quasi
891 1949 923 2012 in
948 1969 1088 2030 aequore
1111 1950 1198 2014 salso

185 2073 351 2131 ventorum
373 2066 489 2131 validis
512 2067 691 2132 fervescunt
713 2066 832 2138 viribus
855 2064 983 2129 undae.

109 2200 159 2246 400
185 2181 370 2264 exprimitur
391 2201 486 2264 porro
509 2183 664 2264 gemitus,
682 2181 757 2262 quia
779 2161 931 2244 membra*
943 2177 1055 2243 dolore

185 2295 393 2372 adficiuntur,
411 2302 441 2359 et
464 2297 591 2359 omnino
616 2295 702 2377 quod
726 2295 847 2359 semina
869 2293 957 2376 vocis

184 2408 337 2473 eiciuntur
361 2413 392 2474 et
415 2429 470 2473 ore
493 2407 580 2474 foras
603 2409 783 2490 glomerata
807 2407 952 2474 feruntur

185 2543 248 2604 qua
271 2522 361 2603 quasi
383 2529 574 2588 consuerunt
597 2530 628 2588 et
650 2530 724 2588 sunt
745 2522 867 2586 munita
889 2521 974 2584 viai.

183 2635 376 2720 desipientia
397 2636 450 2720 fit,
468 2637 544 2718 quia
565 2639 614 2702 vis
638 2637 736 2700 animi
758 2642 852 2715 atque
875 2633 993 2698 animai

107 2769 158 2816 000
184 2751 389 2847 conturbatur
411 2757 461 2826 et,
477 2758 512 2815 ut
532 2751 646 2834 docui,
663 2748 769 2814 divisa
791 2768 933 2814 scorsum

185 2862 370 2928 disiectatur
393 2864 506 2930 eodem
528 2864 584 2929 illo
608 2864 762 2928 distracta
784 2883 928 2928 veneno.

183 2977 258 3042 inde
281 2978 335 3043 ubi
357 2978 420 3042 iam
443 2979 544 3042 morbi
566 2978 690 3044 reflexit
713 2999 832 3055 causa,
848 2979 994 3058 reditque

184 3092 217 3156 in
239 3094 380 3159 latebras
402 3114 475 3159 acer
498 3093 637 3178 corrupti
660 3095 801 3178 corporis
824 3114 934 3175 umor,

181 3211 246 3270 tum
271 3210 362 3288 quasi
385 3209 561 3274 vaccillans
584 3208 719 3291 primum
742 3208 905 3291 consurgit
928 3213 958 3270 et
980 3206 1082 3269 omnis

107 3341 157 3387 000
183 3320 336 3403 paulatim
362 3323 444 3387 redit
466 3324 499 3386 in
522 3342 633 3387 sensus
657 3323 860 3402 animamque
882 3325 1044 3402 receptat.

182 3435 262 3499 haee
283 3435 378 3515 igitur
401 3437 497 3501 tantis
520 3437 586 3502 ubi·
597 3435 716 3501 morbis
740 3454 873 3517 corpore
896 3434 928 3497 in
951 3434 1022 3516 ipso

183 3548 339 3613 iactentur
361 3549 548 3631 miserisque
570 3550 674 3615 modis
698 3549 852 3614 distracta
874 3548 1037 3630 laborent,

183 3683 238 3726 cur
260 3663 374 3727 eadem
397 3663 501 3728 eredis
524 3666 594 3729 sine
616 3684 748 3748 corpore
771 3663 803 3726 in
827 3668 900 3726 aere
923 3666 1035 3744 aperto

182 3797 253 3841 cum
275 3776 390 3842 validis
412 3777 516 3841 ventis
538 3784 677 3843 aetatem
701 3778 819 3858 degere
840 3777 964 3859 posse?

108 3910 158 3957 000
183 3897 215 3956 et
238 3892 387 3972 quoniam
411 3897 548 3956 mentem
570 3893 696 3976 sanari,
714 3913 829 3976 corpus
852 3897 886 3955 ut
908 3912 1057 3974 aegrum,

182 4007 340 4070 cernimus
363 4011 394 4071 et
414 4003 498 4069 flecti
521 4004 680 4070 medicina
701 4026 796 4090 posse
819 4007 982 4082 videmus,

180 4117 214 4181 id
237 4139 364 4202 quoque
387 4118 550 4204 praesagit
572 4121 739 4184 mortalem
762 4121 869 4186 vivere
892 4127 1051 4186 mentem.

183 4273 384 4285 ,ἡὴ-

185 4361 235 4408 482
256 4362 341 4412 Curba
360 4361 374 4432 ΙΙ
394 4366 443 4413 499
465 4379 515 4428 qua
535 4361 547 4432 d
569 4364 619 4412 493
639 4377 757 4426 00000000
776 4363 802 4412 in
824 4361 836 4433 ΙΙ
856 4368 906 4414 497
927 4328 1069 4414 Eliciuntur
