3236 5020
699 399 728 464 11

49 615 60 638 .
148 573 181 634 et
202 587 255 634 res
278 568 427 653 progigni
450 575 482 635 et
503 567 628 654 genitas
651 548 854 656 procrescere
877 589 992 654 posse.

148 703 221 748 esse
243 683 339 764 igitur
361 703 479 765 genere
502 685 536 748 in
559 685 670 766 quovis
692 684 867 768 primordia
888 705 992 748 rerum

147 797 274 862 infinita
296 797 402 881 palam
426 805 492 874 est,
509 798 594 863 unde
618 799 725 864 omnia
747 798 1009 883 suppeditantur.

187 911 256 976 Neo
279 931 430 996 superare
453 919 571 995 queunt
592 919 695 979 motus
717 915 827 995 itaque
850 913 993 980 exitiales

61 1045 118 1092 oro
147 1032 302 1110 perpetuo
326 1046 429 1108 neque
451 1028 484 1092 in
507 1035 669 1093 aeternum
686 1029 828 1113 sepelire
851 1029 1010 1113 salutem,

146 1159 206 1204 555
226 1161 323 1224 porro
346 1162 451 1206 rernm
472 1143 631 1223 genitales
655 1143 855 1225 auctificique

147 1262 250 1319 motus
272 1263 426 1340 perpetuo
449 1264 582 1341 possunt
604 1277 733 1322 servare
756 1264 885 1321 creata.

147 1369 193 1435 sio
215 1391 318 1452 aequo
341 1373 459 1452 geritur
482 1374 655 1437 certamine
678 1372 906 1456 principiorum

147 1503 186 1548 ex
209 1485 331 1550 infinito
356 1493 549 1551 contractum
571 1493 716 1570 tempore
738 1486 878 1550 bellum.

61 1617 120 1664 555
150 1618 233 1662 5555
254 1599 306 1663 hio
329 1621 412 1664 5555
435 1600 499 1662 illio
521 1605 675 1684 superant
696 1599 808 1662 vitalia
831 1619 954 1683 rernm,
1042 1679 1047 1688 .

152 1719 183 1774 et
205 1719 396 1797 superantur
417 1713 514 1776 item.
531 1713 681 1778 miscetur
702 1711 812 1778 funere
835 1735 953 1798 vagor,

150 1845 243 1907 quem
265 1827 355 1910 pueri
377 1828 493 1890 tollunt
514 1828 645 1892 visentis
667 1828 794 1892 luminis
817 1847 912 1892 oras:

149 1959 207 2004 uec
230 1961 294 2004 uox
316 1940 382 2005 ulla
404 1941 489 2005 diem
512 1959 616 2022 neque
639 1949 765 2006 noctem
788 1961 905 2007 aurora
927 1948 1083 2018 secutast,

146 2074 229 2136 quae
252 2073 314 2118 uon
339 2055 475 2119 audierit
495 2057 611 2121 mixtos
633 2057 792 2138 vagitibus
816 2058 921 2138 aegris

66 2189 120 2234 555
145 2169 309 2252 ploratus,
325 2171 435 2233 mortis
458 2171 590 2235 comites
613 2177 645 2235 et
666 2171 784 2236 funeris
807 2174 886 2236 atri.

183 2282 268 2346 Itlud
290 2283 322 2346 in
345 2283 394 2347 his
416 2285 620 2366 obsignatum
643 2305 769 2367 quoque
791 2288 886 2350 rebus
908 2287 1028 2351 habere

143 2398 294 2462 convenit
316 2406 347 2461 et
368 2400 499 2462 memori
523 2399 706 2462 mandatum
728 2409 834 2466 mente
857 2408 986 2483 tenere,

146 2512 191 2574 nil
215 2531 306 2589 5555,
321 2515 355 2576 iu
377 2520 523 2598 promptu
546 2535 679 2596 quornm
701 2522 813 2578 natura
835 2515 978 2588 videtur,

147 2632 232 2707 quod
255 2646 374 2707 genere
397 2648 435 2691 ex
458 2648 520 2691 nno
544 2629 697 2693 consistat
718 2629 966 2712 principiorum,

66 2762 120 2810 555
147 2761 206 2806 555
229 2742 398 2824 quicquam
413 2727 507 2824 -ouod
527 2765 592 2807 nou
615 2743 772 2827 permixto
796 2743 917 2807 semiue
940 2746 1082 2804 constet:

146 2862 178 2921 et
199 2855 284 2937 quod
307 2875 442 2938 cumque
463 2859 569 2938 magis
591 2858 639 2921 vis
661 2859 776 2922 multas
798 2857 943 2942 possidet
963 2857 997 2920 in
1019 2873 1054 2919 55

145 2977 241 3053 atque
263 2976 458 3055 potestates,
475 2971 519 3035 ita
540 2973 679 3055 plurima
700 2973 927 3059 principiorum

144 3087 177 3149 iu
201 3104 272 3150 sese
295 3106 416 3167 genera
438 3107 476 3151 55
498 3088 605 3152 varias
628 3089 722 3153 docet
745 3107 816 3152 esse
839 3089 976 3169 tignras.
1034 3078 1037 3083 ’

144 3200 301 3284 principio
324 3201 418 3265 tellus
438 3200 537 3266 habet
559 3202 592 3264 in
615 3221 650 3267 se
672 3222 807 3286 corpora
827 3204 951 3285 prima,

66 3336 120 3382 555
146 3313 231 3378 nude
252 3334 341 3379 mare
363 3315 541 3381 inmensum
563 3315 728 3380 volventes
750 3315 872 3397 frigora
895 3314 998 3378 tontes

146 3426 279 3492 adsidue
301 3435 474 3512 renovent,
491 3431 590 3494 habet
611 3430 702 3512 ignes
724 3429 808 3491 nude
832 3428 991 3491 oriantur:

147 3561 220 3605 uam
241 3542 348 3606 multis
370 3561 527 3608 succensa
542 3543 628 3607 -locis
651 3541 763 3606 ardent
784 3541 854 3605 sola
875 3548 999 3624 terrae,

146 3655 270 3720 eximiis
292 3675 367 3720 voro
389 3657 463 3719 t'urit
485 3657 614 3738 ignibus
636 3657 771 3739 impetus
793 3656 936 3718 Aetnae:

144 3776 210 3833 turm
232 3787 326 3854 porro
349 3768 467 3832 nitidas
491 3770 598 3850 fruges
621 3772 815 3851 arbustaque
836 3771 925 3833 laeta

70 3905 119 3952 555
144 3884 292 3968 gentibus
313 3881 461 3945 humanis
484 3883 579 3947 habet
601 3886 684 3949 unde
707 3885 859 3950 extollere
882 3885 1002 3969 possit,

145 3997 230 4062 uude
251 3997 348 4062 etiam
370 3994 483 4060 fluvios
505 3994 635 4062 frondes
658 4005 690 4064 et
709 4001 831 4085 pabula
852 4000 939 4063 laeta

144 4111 328 4196 montivago
351 4109 462 4194 generi
483 4108 585 4193 possit
605 4113 762 4192 praebere
785 4113 943 4178 ferarum.

148 4356 198 4404 586
216 4353 250 4402 Et
267 4367 331 4416 qnae
352 4351 365 4421 Η
385 4355 436 4403 593
454 4353 494 4402 Ex
512 4351 570 4400 imis
