3240 5010
683 395 727 459 VI

140 563 311 629 diffindens
335 571 450 629 terram
475 587 624 647 magnum
648 566 818 630 concinnat
841 566 982 630 hiatum.

61 703 113 747 aas
142 679 174 742 in
198 677 292 762 Syria
314 679 434 744 Sidone
458 681 541 762 quod
566 679 683 744 aooidit
706 687 737 743 ot
760 679 819 742 fuit
841 681 921 761 Aegi

142 795 175 858 in
196 794 440 878 Peloponneso,
459 815 539 876 quas
562 796 666 859 exitus
691 794 743 857 hio
765 795 883 858 animai

141 908 298 972 disturbat
319 910 414 973 urbes
438 915 469 973 et
492 916 723 974 terraemotus
746 910 898 973 obortus:

142 1023 305 1103 multaque
329 1029 498 1104 praeterea
521 1025 705 1089 oeciderunt
728 1024 855 1088 moenia
878 1025 1004 1106 magnis

142 1137 280 1201 motibus
302 1136 335 1200 in
358 1138 519 1214 ter1·is,et
541 1139 660 1202 multae
682 1158 740 1223 per
764 1159 853 1203 maro
876 1158 1005 1222 pessum

64 1275 117 1320 eno
146 1252 319 1316 subsedere
343 1254 408 1316 suis
430 1253 550 1337 pariter·
573 1273 643 1317 oum
667 1253 789 1318 oivibns
813 1255 927 1318 urbes.

142 1365 228 1448 quod
251 1365 312 1430 nisi
334 1367 530 1451 prorumpit,
548 1375 653 1432 tamen
678 1365 910 1450 impetus'ipse
934 1368 1054 1450 animai

145 1489 177 1546 et
199 1483 267 1546 t'era
289 1481 337 1545 vis
359 1482 443 1545 venti
466 1501 524 1564 per·
547 1482 659 1546 crebra
683 1481 842 1546 foramina
864 1488 968 1547 terrae

141 1597 326 1680 dispertitur
349 1603 382 1660 ut
406 1597 516 1661 horror·
539 1605 569 1660 et
591 1597 702 1660 incutit
724 1596 799 1660 inde
822 1603 1011 1675 tremorem3

142 1711 243 1792 frigus
266 1711 309 1774 uti
334 1720 461 1777 nostros
483 1713 609 1797 penitus
632 1733 701 1776 oum
726 1713 812 1777 venit
834 1712 867 1774 in
890 1717 997 1794 artus,

66 1847 117 1892 aaa
145 1825 284 1890 oeneutit
306 1827 422 1892 invitos
446 1847 564 1909 cogens
586 1835 721 1890 tremere
744 1832 840 1908 atque
865 1845 1012 1892 movere.

143 1940 271 2022 anoipiti
295 1942 457 2026 trepidant
478 1941 573 2026 igitur
595 1949 715 2006 terrore
739 1961 795 2024 per
818 1942 925 2025 urbia,

143 2061 226 2118 teota
249 2075 385 2139 sopeme
408 2057 539 2139 timent,
558 2063 702 2121 metuunt
725 2057 849 2122 inferne
873 2075 1027 2122 cavernas

142 2171 239 2238 terrai
264 2189 304 2233 ne
327 2169 482 2234 dissoluat
504 2178 620 2236 natura
644 2178 796 2256 reponte,

143 2305 205 2350 neu
228 2284 381 2350 distraeta
404 2306 494 2349 suum
518 2286 584 2349 late
608 2286 779 2369 dispandat
800 2287 922 2350 hiatum

65 2421 116 2468 ooo
143 2399 250 2480 adque
272 2399 338 2464 auis
361 2400 493 2464 oontbsa
515 2400 592 2464 volit
614 2403 775 2484 complere
799 2401 916 2465 ruinis.

141 2512 278 2598 proinde
300 2515 374 2579 lieet
396 2515 540 2597 quamvis
564 2515 688 2579 eaelum
712 2524 894 2597 terramque
918 2521 1048 2579 reantur

143 2629 325 2712 incorrupta
347 2628 416 2693 fore
439 2634 591 2694 aeternae
616 2625 765 2694 mandata
789 2631 903 2694 saluti:

143 2751 174 2806 et
196 2751 301 2807 tamen
324 2743 407 2808 inter
430 2745 505 2808 dum
527 2765 681 2829 praesens
703 2746 751 2810 vis
773 2746 847 2829 ipsa
869 2745 980 2829 periali

143 2856 249 2922 subdit
270 2857 365 2922 athue
387 2859 548 2923 stimulum
573 2859 710 2942 quadam
735 2859 774 2924 de
798 2867 889 2942 parte
913 2859 1056 2935 timoris,

66 2997 118 3043 eoa
144 2993 185 3037 ne
208 2973 342 3056 pedibus
366 2975 481 3058 raptim
505 2974 600 3039 tellus
624 2975 785 3040 subtracta
808 2974 929 3039 feratur

142 3089 176 3151 in
200 3088 404 3172 barathrum,
423 3109 590 3171 rerumque
614 3097 766 3172 sequatur
788 3089 915 3175 prodita
938 3108 1063 3154 summa

142 3201 304 3281 funditus,
323 3212 354 3267 et
376 3203 433 3268 fiat
455 3204 564 3268 mundi
589 3205 722 3270 oonfusa
745 3207 857 3269 ruina.

185 3317 366 3406 [Principio
389 3339 477 3382 mare
501 3319 654 3382 mirantur
679 3340 742 3382 non
765 3319 900 3382 reddero
923 3315 1028 3386 maius

144 3438 309 3516 naturam,
327 3453 390 3516 quo
413 3434 454 3497 sit
476 3439 582 3498 tantus
606 3433 760 3497 decursus
783 3451 959 3514 aquarum,

67 3571 118 3617 oro
144 3548 251 3614 omnia
274 3569 337 3630 quo
360 3547 489 3614 veniant
512 3569 551 3613 ex
574 3549 659 3612 omni
682 3545 813 3609 flumina
835 3550 948 3629 parte.

145 3663 231 3728 adde
253 3683 354 3746 vagos
377 3663 486 3729 imbris
509 3666 779 3746 tempestatesque
801 3660 967 3742 volantes,

145 3779 253 3845 omnia
276 3797 358 3861 quae
382 3778 484 3842 maria
507 3799 544 3844 ae
567 3786 668 3842 terras
691 3780 910 3860 sparguntque
934 3775 1122 3858 rigantque:

144 3892 228 3958 adde
252 3913 328 3957 suos
348 3892 446 3958 fontis
461 3917 467 3956 :
483 3898 592 3958 tamen
615 3893 657 3956 ad
681 3889 776 3955 maris
800 3889 908 3954 omnia
929 3908 1085 3954 summam

149 4201 199 4249 584
218 4197 344 4246 Diffidens
368 4194 381 4262 Η
408 4199 457 4245 588
478 4209 528 4257 (qun
553 4191 565 4260 Η
591 4197 641 4243 588
661 4195 786 4243 oeoideret
810 4190 824 4261 Η
850 4195 899 4242 589
919 4207 1037 4256 pomum.
1059 4184 1071 4256 Η
1092 4191 1143 4238 594
1162 4186 1234 4234 utin
1254 4182 1267 4251 Η

147 4288 198 4335 600
225 4284 303 4346 quue
328 4279 341 4352 Η
365 4283 464 4346 comple
490 4280 503 4350 Η
528 4285 578 4334 604
601 4279 735 4330 Subdituet
759 4281 826 4330 himo
851 4277 864 4347 Η
889 4281 954 4344 parti
979 4275 992 4345 Η
1018 4279 1067 4326 605
1087 4275 1229 4324 substructa
1254 4267 1267 4342 Η

149 4374 199 4422 609
219 4371 317 4422 Natura

1030 4469 1067 4534 lb
