3236 5020
705 321 734 384 II

61 513 125 560 935
156 499 224 556 9999
246 491 316 556 fieri
338 495 466 575 partum
489 489 549 554 nisi
573 489 707 553 concilio
731 497 805 555 ante
829 498 961 575 coacto,

155 626 217 670 nec
240 605 410 686 quicquam
434 603 620 667 commutari
644 604 711 668 sine
734 606 924 670 conciliatu.

152 697 314 804 principio
339 723 503 800 nequeunt
524 717 621 781 ullius
645 719 787 803 corporis
810 739 881 784 esse

154 852 271 898 sensus
295 837 369 896 ante
391 831 496 914 ipsam
519 832 661 914 genitam
684 840 832 898 naturam
858 834 1049 919 animantis,

157 947 192 1011 ni
213 947 348 1031 mirum,
365 948 442 1029 quia
464 947 614 1010 materies
638 946 772 1012 disiecta
794 955 919 1014 tenetur

65 1083 128 1130 949
155 1069 231 1126 ae're
245 1113 252 1139 ,
268 1062 472 1137 fluminibus,
488 1060 600 1134 terris,
618 1062 791 1142 aethraque
813 1063 949 1146 creatis,

156 1195 217 1241 nec
239 1196 414 1257 congressa
436 1174 532 1240 modo
555 1175 664 1240 vitalis
687 1176 912 1240 convenientes

157 1291 292 1354 contulit
312 1291 394 1354 inter
417 1309 451 1353 se
475 1295 601 1371 motus,
618 1289 734 1369 quibus
757 1291 968 1355 omnituentes

157 1404 286 1468 accensi
308 1423 421 1469 sensus
445 1403 642 1467 animantum
663 1409 923 1469 concuterentur.

196 1521 366 1583 Praeterea
389 1518 532 1599 quamvis
555 1517 752 1581 animantem
773 1517 926 1596 grandior
946 1519 1048 1602 ictus,

73 1653 134 1698 945
163 1651 258 1712 quam
278 1632 397 1715 patitur
418 1639 553 1709 natura,
570 1636 704 1714 repente
728 1630 853 1712 adfligit
876 1638 908 1696 et
929 1632 1033 1697 omnis

162 1747 301 1828 corporis
321 1752 417 1827 atque
441 1746 538 1809 animi
561 1746 666 1828 pergit
688 1744 882 1811 confundere
905 1765 1039 1811 sensus.

156 1859 374 1924 dissoluuntur
396 1860 480 1924 enim
501 1860 666 1943 positurae
688 1860 936 1944 principiorum,

156 1979 187 2036 ct
208 1975 336 2056 penitus
358 1979 462 2037 motus
484 1975 599 2038 vitales
622 1973 846 2057 inpediuntur,

154 2087 257 2152 donec
279 2088 448 2170 materies,
467 2087 569 2152 omnis
592 2105 749 2150 concussa
771 2104 829 2169 per
851 2093 958 2170 artus,

76 2222 127 2268 959
154 2201 262 2266 vitalis
285 2201 411 2266 animae
434 2201 580 2266 nodosa
603 2219 737 2284 corpore
760 2200 856 2265 solvit

155 2315 396 2398 dispersamque
419 2316 508 2382 foras
530 2334 589 2399 per
612 2316 720 2379 caulas
744 2315 837 2379 eiecit
858 2315 981 2380 omnis:

154 2451 231 2494 nanr
255 2431 330 2511 quid
352 2437 522 2514 praeterea
546 2430 653 2495 facere
676 2430 771 2493 ictum
794 2449 891 2513 posse
914 2449 1040 2493 reamur

156 2545 317 2627 oblatum,
335 2545 395 2610 nisi
417 2546 576 2610 discutere
599 2565 638 2608 ac
661 2544 838 2608 dissolvere
861 2545 1035 2624 quaeque?

156 2657 191 2721 fit
214 2677 341 2740 quoque
363 2660 408 2723 uti
431 2659 563 2724 soleant
581 2659 685 2722 minus
709 2657 815 2722 oblato
840 2658 956 2722 acriter
978 2657 1042 2722 ictu

75 2794 129 2840 955
155 2773 267 2855 reliqui
291 2780 395 2838 motus
417 2774 522 2838 vitalis
543 2774 671 2838 vincere
694 2791 812 2857 saepe,

154 2887 302 2968 vincere,
320 2895 351 2954 et
372 2889 509 2973 ingentis
531 2890 650 2972 plagae
673 2887 786 2952 sedare
808 2889 981 2967 tumultus,

157 3003 254 3084 inque
277 3023 353 3068 suos
377 3003 526 3086 quicquid
549 3023 659 3068 rursus
681 3023 833 3068 revocare
855 3012 1000 3088 meatus,

155 3124 187 3182 et
210 3118 301 3198 quasi
324 3117 386 3181 iarn
409 3119 464 3182 leti
487 3118 704 3182 dominantem
727 3117 761 3181 in
784 3138 916 3203 corpore
939 3126 1059 3182 motum

157 3232 337 3309 discutere,
354 3252 391 3297 ac
412 3253 518 3316 paene
541 3233 677 3296 amissos
699 3232 877 3297 accendere
900 3253 1032 3297 sensus:

79 3366 131 3413 999
158 3366 232 3409 narn
256 3366 355 3428 quare
377 3347 483 3429 potius
505 3347 560 3412 leti
583 3346 648 3410 iam
670 3345 779 3409 limine
802 3347 843 3410 ab
866 3347 937 3428 ipso

156 3460 198 3522 ad
221 3461 321 3524 vitam
342 3461 446 3545 possit
469 3461 615 3525 conlecta
630 3463 743 3524 vmente
766 3461 901 3543 reverti,

157 3593 262 3654 quam
277 3594 339 3655 quo
363 3574 531 3639 decursum
555 3593 656 3658 prope
679 3571 743 3634 iam
766 3572 825 3636 siet
846 3571 893 3637 ire
917 3580 949 3638 et
971 3574 1088 3640 abire?

154 3695 347 3772 propterea,
366 3689 516 3770 quoniam
540 3688 632 3754 dolor
655 3692 724 3765 est,
741 3687 793 3750 ubi
817 3689 961 3752 materiai

156 3822 290 3886 corpora
312 3802 344 3867 vi
368 3801 507 3884 quadam
528 3822 586 3886 per
608 3802 733 3868 viscera
754 3801 828 3867 viva
850 3823 909 3888 per
929 3810 1016 3871 artus

158 4104 305 4153 9381eeam
329 4101 342 4170 11
368 4105 553 4164 9401999999
578 4099 590 4167 11
617 4106 666 4152 942
686 4122 760 4155 omne
779 4114 892 4155 tuentes.
913 4102 926 4172 11
949 4106 999 4154 943
1018 4105 1172 4153 animantem
1191 4116 1279 4163 quam·

157 4205 206 4251 que
229 4199 347 4240 tuentur.
375 4187 387 4258 11
413 4193 461 4241 951
483 4189 568 4240 carias
594 4185 607 4256 11
633 4191 682 4239 953
702 4206 718 4239 a
743 4190 755 4258 11
782 4195 833 4242 954
852 4192 938 4243 oblate
957 4193 1051 4256 agriter
1075 4188 1087 4257 11
1113 4191 1162 4240 961
1182 4190 1279 4255 possint

159 4277 275 4327 coniecta
294 4275 309 4346 11
329 4280 379 4328 963
398 4279 535 4330 Praeterea
