3266 4994
331 385 390 452 106
871 381 915 444 Ill

330 558 362 616 ct
382 553 434 617 vel
457 557 491 616 ut
513 557 681 617 anteacto
705 552 750 616 nil
773 557 915 636 tempore
938 550 1095 616 sensimus
1117 551 1225 634 aegri,

329 666 372 730 ad
396 665 630 748 confligendum
653 665 852 731 venientibus
874 664 1014 746 undique
1035 664 1174 742 Poenis,

329 781 437 845 omnia
460 801 532 844 cum
555 779 631 844 belli
652 778 778 862 trepido
802 797 959 844 concussa
980 779 1114 844 tumultu

256 913 306 961 885
333 894 462 959 horrida
485 901 702 960 contremuere
725 894 783 957 sub
805 893 879 957 altis
901 892 1038 958 aetheris
1061 893 1145 972 oris,

328 1009 361 1072 in
385 1009 546 1091 dubioque
568 1008 659 1072 fuere
681 1013 821 1072 utrorum
845 1008 886 1072 ad
909 1025 1011 1088 regna
1034 1007 1211 1072 cadendum

330 1123 476 1187 omnibus
498 1122 645 1187 humanis
668 1127 753 1188 esset
773 1128 921 1204 terraque
945 1121 1109 1202 marique,

332 1237 397 1314 sio,
414 1236 468 1302 ubi
490 1257 552 1301 non
576 1236 712 1320 erimus,
730 1257 799 1301 cum
823 1234 967 1319 corporis
989 1241 1084 1316 atque
1106 1235 1226 1302 animai

331 1350 499 1415 discidium
523 1349 637 1434 fuerit,
657 1351 771 1433 quibus
793 1371 811 1415 e
834 1370 943 1415 sumus
966 1349 1068 1415 uniter
1090 1349 1175 1435 apti,

257 1487 308 1532 840
334 1465 475 1542 scilicet,
493 1464 577 1528 hand
600 1465 693 1529 nobis
715 1465 905 1548 quicquam,
922 1465 975 1546 qui
996 1484 1060 1528 non
1082 1466 1199 1530 erimus
1220 1471 1307 1542 turn,

330 1579 473 1644 accidere
497 1579 624 1642 omuino
648 1581 763 1664 poterit
784 1599 976 1660 sensumque
999 1600 1146 1657 movere,

328 1713 393 1758 non
415 1695 440 1758 si
464 1699 548 1757 terra
571 1695 649 1757 mari
673 1694 856 1759 miscebitur
878 1699 909 1758 et
932 1713 1019 1758 mare
1043 1693 1152 1758 caelo.

330 1812 361 1870 ct
384 1807 496 1871 sliam
520 1815 626 1873 nostro
650 1808 745 1872 sentit
767 1807 807 1872 de
831 1827 962 1890 corpore
976 1859 983 1883 ‚
999 1813 1072 1890 post
1094 1827 1190 1888 quarn

329 1921 528 2000 distractast,
545 1923 643 1986 animi
665 1929 780 1986 natura
802 1921 994 2002 animaeque
1017 1927 1178 2004 potestas,

253 2057 303 2103 845
329 2037 374 2100 nil
397 2043 503 2100 tamen
527 2037 636 2101 estad
660 2056 739 2114 nos,
758 2036 812 2117 qui
835 2041 963 2118 comptu
985 2035 1198 2117 coniugioque

328 2151 469 2235 corporis
492 2157 589 2232 atque
614 2151 740 2215 animae
762 2149 965 2216 consistimus
987 2150 1090 2213 uniter
1112 2151 1199 2235 apti.

328 2284 407 2342 nec,
424 2266 450 2330 si
475 2265 639 2330 materiem
663 2272 801 2330 nostram
826 2264 992 2348 collegerit
1013 2271 1103 2329 aetas

327 2387 402 2464 post
424 2379 545 2444 obitum
569 2399 756 2461 rursumque
779 2380 939 2464 redegerit
960 2386 995 2444 ut
1016 2380 1077 2444 sita
1099 2399 1183 2445 nuno
1205 2386 1273 2459 est,

327 2501 422 2576 atque
444 2495 558 2559 iterum
580 2494 674 2560 nobis
696 2495 812 2559 tuerint
834 2495 908 2559 data
930 2494 1052 2574 lumina
1074 2495 1177 2578 vitae,

253 2629 303 2676 850
328 2609 486 2692 pertineat
508 2609 677 2692 quicquam
700 2617 806 2674 tamen
829 2609 871 2675 ad
895 2631 953 2675 nos
975 2609 1007 2672 id
1032 2629 1159 2692 quoque
1181 2609 1318 2695 factum,

328 2724 503 2807 interrupta
526 2723 625 2789 semel
649 2744 719 2789 cum
742 2725 782 2790 sit
804 2725 973 2788 retinentia
994 2724 1114 2789 nostri.

332 2843 363 2902 et
384 2858 468 2902 nnnc
491 2837 536 2901 nil
559 2838 602 2903 ad
625 2859 684 2903 nos
707 2838 747 2903 de
770 2840 862 2904 nobis
886 2839 1018 2923 attinet,
1036 2846 1112 2904 ante

332 2952 386 3035 qui
409 2951 546 3029 suimus,
563 2971 668 3034 neque
691 2954 754 3017 iam
777 2956 818 3020 de
840 2955 906 3018 illis
930 2974 988 3020 nos
1010 2954 1117 3019 adficit
1139 2974 1262 3036 angor.

329 3088 403 3132 narn
428 3086 498 3131 cum
521 3067 676 3149 respicias
698 3057 835 3134 inmensi
857 3069 1009 3154 temporis
1033 3079 1126 3134 omne

254 3208 304 3253 855
329 3181 536 3270 praeteritum
560 3182 717 3268 spatium,
735 3189 801 3248 turn
824 3191 928 3250 motus
951 3183 1096 3248 materiai

331 3297 525 3364 multimodis
548 3320 643 3381 quarn
667 3298 749 3378 sint,
764 3298 859 3366 facile
880 3299 942 3364 hoc
964 3295 1138 3362 adcredere
1160 3298 1285 3382 possis,

331 3414 453 3480 semina
476 3434 575 3500 saepe
597 3416 630 3478 in
654 3414 767 3480 eodem
781 3466 788 3493 ‚
804 3407 838 3478 ul
859 3433 944 3478 nunc
966 3415 1059 3496 sunt',
1077 3411 1188 3477 ordine
1210 3421 1304 3495 posta
1339 3395 1342 3404 ¹

255 3553 305 3598 885
329 3529 412 3594 haec
435 3529 569 3613 eadem,
587 3530 702 3614 quibus
724 3550 742 3595 e
765 3548 849 3594 nuno
871 3549 930 3594 uos
952 3547 1081 3609 sumus,
1098 3532 1171 3590 ante
1193 3527 1312 3592 luisse:

254 3665 305 3712 858
330 3664 390 3709 neo
411 3644 544 3709 memori
567 3650 674 3710 tamen
696 3645 729 3709 id
754 3645 880 3726 quimus
903 3639 1159 3726 repraehendenc
1182 3647 1308 3707 mente:

331 3760 414 3823 inter
437 3759 520 3822 enirn
542 3759 657 3825 iectast
673 3759 750 3823 vitai
771 3777 893 3841 pausa,
911 3772 1056 3838 vageque

255 3895 306 3944 aco
332 3874 520 3939 deerrarunt
541 3874 660 3957 passim
683 3879 789 3938 motus
811 3872 851 3935 ab
875 3867 1021 3934 sensibus
1043 3889 1173 3936 omnes.

330 3989 427 4054 debet
450 3991 533 4054 enirn
547 4039 555 4067 ‚
571 3988 687 4052 misere
710 3985 738 4050 si
760 3983 841 4049 torte
864 4003 1024 4068 aegreque
1046 3983 1234 4063 futurumst,

334 4261 384 4308 835
404 4257 488 4308 auris.
510 4250 523 4322 lt
544 4255 595 4302 844
606 4251 747 4302 Distractus
768 4249 780 4320 ll
801 4255 849 4303 851
869 4252 983 4318 repentis
1001 4253 1109 4304 nostris.
1130 4249 1144 4321 Η
1164 4253 1215 4303 853
1235 4252 1318 4302 furnus
1339 4247 1353 4320 11
1372 4235 1460 4318 nequo

334 4343 475 4396 omissum.
502 4337 516 4410 lt
537 4339 627 4405 adfigit
648 4335 661 4408 Η
681 4341 731 4391 856
750 4341 897 4391 Multimodi
918 4337 931 4408 ΙΙ
951 4343 1000 4390 861
1020 4340 1134 4390 miserest
