3240 5010
328 386 391 450 246
871 379 912 444 Vl

329 551 397 616 ibat
420 552 507 616 etin
529 551 627 636 partis
650 550 800 633 genitalis
823 552 967 635 corporis
989 552 1098 635 ipsas.

329 671 360 731 et
382 666 524 746 graviter
543 666 661 748 partim
684 669 862 730 metuentes
884 666 994 730 limina
1016 666 1071 729 leti

327 780 481 845 vivebant
502 779 588 843 ferro
609 779 725 862 privati
749 787 838 863 parte
862 781 964 863 virili,

246 915 312 960 1210
329 901 360 960 et
381 894 531 959 manibus
554 894 622 958 sine
646 915 708 958 non
731 894 811 958 nulli
833 895 1033 978 pedibusque
1057 896 1229 960 manebant

328 1009 360 1072 111
384 1008 447 1072 vita
470 1013 601 1084 tamen,
618 1017 649 1073 et
672 1009 849 1092 perdebant
871 1009 991 1072 lumina
1014 1008 1151 1092 partim:

328 1141 429 1204 usque
453 1122 535 1187 adeo
558 1124 668 1188 mortis
691 1132 792 1188 metus
815 1124 864 1188 his
885 1124 1063 1188 incesserat
1085 1143 1181 1188 acer.

329 1249 423 1319 atque
447 1237 542 1301 etiam
567 1237 721 1318 quosdam
745 1257 858 1321 cepere
881 1238 1001 1303 oblivia
1023 1258 1129 1303 rerum

329 1359 533 1427 cunctarum,
550 1371 653 1434 neque
677 1371 711 1416 se
734 1360 865 1435 possent
887 1371 1081 1434 cognoscere
1104 1359 1138 1416 ut
1161 1354 1241 1436 ipsi.

247 1487 313 1534 1215
331 1468 492 1549 multaque
514 1466 603 1530 humi
625 1487 696 1531 oum
719 1466 884 1531 inhumata
906 1467 1051 1532 iacerent
1073 1487 1207 1551 corpora
1231 1487 1329 1551 supra

328 1583 533 1666 corporibus,
550 1589 656 1646 tamen
680 1581 811 1645 alituum
834 1603 936 1665 genus
958 1589 1053 1664 atque
1074 1584 1213 1647 ferarum

328 1703 382 1760 aut
403 1696 514 1781 procul
536 1696 729 1781 apsillebat,
746 1703 780 1759 ut
802 1716 907 1760 acrem
931 1698 1052 1760 exciret
1075 1697 1226 1771 odorem,

327 1822 400 1896 aut,
416 1812 471 1874 ubi
494 1818 659 1893 gustarat,
675 1810 854 1891 languebat
876 1817 976 1876 morte
999 1812 1198 1895 propinqua.

328 1944 387 1990 nee
408 1932 515 1990 tamen
539 1925 665 1988 omnino
690 1931 808 1990 temere
830 1926 895 1990 illis
918 1926 1038 1990 solibus
1061 1926 1129 1990 ulla

246 2059 312 2107 1220
329 2041 536 2123 comparebat
560 2039 649 2113 avis,
666 2057 724 2103 neo
746 2039 850 2102 tristia
873 2039 981 2103 saecla
1004 2039 1141 2104 ferarum

329 2155 479 2219 excibant
501 2154 611 2219 silvis:
628 2154 827 2234 languebant
850 2154 1003 2236 pleraque
1026 2155 1137 2219 morbo

329 2275 360 2333 et
382 2269 617 2333 moriebantur.
635 2288 704 2332 eum
728 2269 837 2351 primis
860 2267 925 2331 lida
949 2288 1064 2332 canum
1086 2269 1135 2332 vis

329 2390 429 2448 strata
453 2383 512 2446 viis
535 2383 675 2447 animam
698 2383 841 2465 ponebat
862 2381 894 2445 in
919 2383 1066 2446 omnibus
1089 2401 1207 2466 aegre:

330 2499 540 2580 extorquebat
562 2498 645 2562 enim
668 2498 762 2560 vitam
787 2498 834 2560 vis
857 2495 1004 2560 morbida
1027 2498 1196 2562 membris.

246 2635 311 2681 1226
329 2633 389 2678 neo
411 2613 490 2677 ratio
513 2612 631 2677 remedi
655 2611 832 2676 communis
854 2617 941 2676 certa
961 2613 1117 2676 dabatur:

329 2748 403 2792 nam
427 2727 513 2808 quod
535 2726 579 2790 ali
603 2725 735 2790 dederat
755 2726 861 2790 vitalis
884 2727 968 2791 atris
991 2747 1088 2790 auras

329 2843 460 2907 volvere
482 2842 515 2905 in
538 2861 592 2905 ore
615 2841 711 2906 licere
734 2847 766 2906 et
788 2843 867 2907 caeli
890 2843 1010 2926 templa
1033 2841 1135 2916 tueri,

328 2957 389 3022 hoc
412 2956 484 3021 aliis
507 2962 575 3020 erat
597 2957 693 3020 exitio
716 2956 877 3038 letumque
899 2958 1053 3041 parabat.

246 3094 313 3141 1230
373 3071 454 3135 lllud
476 3071 510 3134 in
533 3071 583 3135 his
604 3072 700 3135 rebus
724 3071 937 3136 miserandum
959 3089 1155 3154 magnopere
1177 3091 1273 3135 unum

329 3185 547 3250 aerumnabile
571 3191 659 3260 erat,
677 3187 763 3267 quod
785 3187 839 3250 ubi
862 3204 898 3249 se
921 3185 1054 3266 quisque
1076 3184 1208 3249 videbat

329 3302 514 3385 implicitum
538 3303 669 3384 morbo,
686 3301 779 3365 morti
803 3300 969 3364 damnatus
993 3305 1027 3363 ut
1048 3306 1154 3376 esset,

330 3414 480 3482 deficiens
502 3417 608 3480 animo
633 3425 754 3480 maesto
777 3436 848 3480 oum
872 3417 967 3480 eorde
989 3415 1135 3491 iacebat,

328 3529 441 3595 funera
464 3538 651 3615 respectans
674 3531 814 3594 animam
838 3530 1005 3596 amittebat
1025 3528 1166 3594 ibidem.

248 3665 313 3711 1235
330 3645 450 3729 quippe
474 3645 590 3709 etenim
614 3646 701 3709 nullo
725 3646 892 3710 cessabant
914 3650 1057 3727 tempore
1080 3644 1179 3728 apisci

331 3779 372 3824 ex
394 3761 467 3825 aliis
489 3761 571 3826 alios
594 3761 682 3827 avidi
704 3761 856 3844 contagia
877 3760 1000 3844 morbi,

246 3895 313 3942 1245
329 3875 496 3958 lanigeras
518 3883 581 3941 tam
606 3897 701 3958 quam
723 3875 864 3960 pecudes
888 3881 920 3939 et
941 3876 1059 3939 bucera
1081 3873 1211 3938 saecla.

246 4010 311 4057 1231
330 3989 426 4073 idque
447 3992 499 4056 vel
521 3992 554 4055 in
575 3991 685 4075 primis
706 3988 893 4056 cumulabat
914 3987 1027 4054 funere
1048 3987 1164 4052 funus.

334 4267 400 4313 1212
420 4264 452 4312 iis
470 4265 610 4312 incusserat
630 4260 643 4329 ll
665 4265 731 4311 1213
751 4263 817 4311 eiam
838 4260 851 4330 11
873 4267 937 4312 1217
958 4261 1054 4312 exciret
1073 4259 1087 4332 ll
1110 4263 1176 4311 1220
1195 4261 1232 4310 tia
1252 4255 1266 4329 ΙΙ
1292 4263 1358 4310 1221
1378 4261 1456 4312 Exie-

333 4352 394 4400 bant
413 4348 427 4418 ll
450 4353 516 4399 1228
535 4351 601 4399 turi.
624 4349 636 4417 lq
660 4352 726 4399 1235
747 4349 854 4414 apiscit.
