3266 4994
367 388 427 452 128
646 441 653 448 .
896 378 953 442 1111

365 551 623 634 quandoquidem
646 551 761 632 longos
784 550 889 614 obitus
912 555 1025 616 exorta
1048 550 1209 633 revisunt,

365 688 435 732 oum
457 686 628 749 permensa
650 687 707 732 000
731 671 803 731 sunt
825 666 948 730 eaelum
972 684 1104 750 corpore
1128 665 1235 729 olaro.

288 805 337 853 305
363 782 476 864 solque
499 781 568 865 pari
590 781 714 845 ratione
737 800 864 844 manere
888 785 920 844 et
941 779 1016 843 luna
1038 779 1185 844 videntur

362 900 396 962 in
418 897 575 978 statione,
593 915 633 958 ea
656 914 739 975 quae
761 894 838 958 ferri
861 913 912 958 res
934 893 1056 960 indioat
1078 895 1168 978 ipsa.

366 1017 494 1077 exstant
515 1029 615 1090 usque
638 1009 746 1092 prooul
770 1008 876 1073 medio
900 1007 940 1071 de
961 1009 1087 1091 gurgite
1111 1009 1246 1090 montio,

364 1126 520 1192 elassibus
542 1126 625 1188 inter
648 1143 729 1204 quos
750 1123 832 1186 liber
854 1127 943 1204 patet
965 1123 1068 1187 exitus
1081 1103 1224 1206 ingens:

362 1241 469 1306 insula
491 1238 668 1304 ooniunotis
690 1243 797 1301 tamen
821 1256 861 1299 ex
884 1237 933 1300 his
957 1257 1020 1301 000
1042 1237 1186 1302 videtur.

286 1378 337 1424 400
364 1355 446 1420 atria
467 1354 591 1418 versari
614 1357 646 1417 et
669 1351 784 1416 oiroum
809 1370 941 1416 0000000
964 1351 1130 1417 columnae

363 1489 464 1551 usque
487 1466 569 1532 odeo
593 1467 626 1529 fit
649 1465 694 1529 uti
717 1466 825 1548 pueris
848 1466 1035 1550 videantur,
1053 1467 1106 1531 ubi
1130 1465 1193 1549 ipsi

366 1583 528 1648 desierunt
550 1581 647 1656 verti,
664 1580 716 1646 vix
739 1587 773 1644 ut
793 1581 856 1643 iam
879 1582 1009 1644 eredere
1033 1580 1157 1664 possint
1224 1577 1232 1593 '

364 1719 428 1761 non
452 1716 548 1779 supra
570 1714 644 1759 sese
667 1715 759 1760 ruere
784 1697 891 1759 omnia
913 1702 997 1761 tenta
1020 1697 1152 1760 minari.

365 1813 492 1893 iamque
515 1811 643 1875 rubrum
665 1811 808 1874 tremulis
831 1811 925 1874 iubar
946 1810 1074 1893 ignibus
1098 1811 1221 1890 erigere
1244 1809 1309 1874 alte

290 1949 340 1994 400
366 1947 437 1991 oum
460 1930 587 2008 coeptat
608 1931 723 1988 natura
746 1945 908 2008 supraque
931 1925 1084 1989 extollere
1108 1931 1251 2000 montes,

367 2063 447 2124 quos
469 2041 525 2106 tibi
548 2045 614 2103 tum
636 2060 734 2122 supra
757 2041 805 2103 001
829 2040 943 2103 montis
966 2058 1038 2104 0000
1061 2040 1186 2103 videtur

367 2156 541 2220 oomminus
565 2155 635 2238 ipse
658 2175 716 2218 000
740 2155 928 2237 contingens
951 2153 1091 2218 fervidus
1111 2129 1199 2237 igni]

365 2272 417 2334 vix
440 2272 557 2334 absunt
580 2269 672 2333 nobis
695 2269 809 2332 missus
833 2269 881 2333 bis
904 2268 989 2332 mille
1012 2268 1170 2350 sagittae,

365 2386 418 2450 vix
441 2386 535 2450 etiam
559 2403 669 2448 000000
692 2384 884 2464 quingentos
907 2404 1008 2467 saepe
1029 2383 1152 2448 veruti:

289 2523 341 2568 410
367 2501 447 2564 inter
470 2520 526 2564 eos
549 2498 713 2578 solemque
735 2498 842 2563 iaoeut
863 2498 1018 2562 immania
1040 2498 1132 2582 ponti

366 2635 508 2696 aequora
532 2613 694 2677 substrata
716 2614 864 2704 aetheriis
886 2614 1068 2696 ingentibus
1093 2613 1175 2695 oris,

365 2729 593 2810 interiectaque
616 2733 689 2793 sunt
710 2733 868 2792 terrarum
889 2728 979 2791 milia
1000 2727 1119 2811 multa,

366 2863 448 2925 quae
471 2843 579 2906 variae
602 2842 738 2905 retinent
760 2848 872 2922 gentes
896 2847 927 2905 et
948 2843 1058 2907 000010
1081 2842 1239 2907 ferarum.

366 2965 400 3021 at
422 2958 584 3022 oonleetus
607 2975 709 3036 aquae
732 2955 866 3036 digitum
891 2978 953 3020 000
978 2959 1073 3021 altior
1096 2978 1213 3032 unum,

293 3093 343 3138 400
370 3073 423 3153 qui
445 3071 571 3154 lapides
593 3070 674 3132 inter
698 3070 780 3133 sistit
800 3092 858 3155 per
880 3078 982 3136 strata
1004 3072 1145 3147 viarum,

368 3187 550 3268 despeotum
575 3189 709 3270 praebet
732 3189 789 3250 sub
813 3193 915 3252 terras
938 3187 1044 3270 inpete
1068 3192 1175 3262 tanto,

370 3322 390 3364 0
412 3302 504 3365 terris
527 3305 676 3382 quantum
701 3304 781 3366 caeli
805 3309 894 3386 patet
916 3303 999 3366 altus
1022 3301 1149 3377 hiatus;

292 3438 342 3483 410
368 3422 402 3478 ut
424 3436 523 3498 prope
547 3416 675 3481 miruolo
700 3420 759 3482 0010
783 3424 886 3482 terras
909 3417 1018 3480 abdita
1042 3416 1123 3479 noeti

291 3553 342 3598 400
368 3531 475 3594 nubila
498 3532 655 3615 dispicere
680 3534 856 3597 stenelum
880 3532 1012 3596 videare
1035 3528 1165 3594 videre.

292 3666 343 3712 400
368 3645 505 3726 denique
529 3647 580 3710 ubi
603 3647 636 3710 in
661 3648 763 3712 medio
787 3647 879 3711 uobis
903 3665 977 3710 eous
999 3665 1073 3708 aner
1097 3641 1245 3706 obhaesit

367 3759 495 3824 flumine
518 3768 549 3825 et
569 3762 603 3825 in
625 3761 756 3845 rapidas
779 3761 883 3824 000οἱ0
905 3759 1109 3841 despeximus
1131 3757 1257 3830 undas,

370 3875 482 3940 stantis
505 3878 577 3958 equi
601 3896 716 3959 eorpus
739 3881 956 3938 transversum
978 3871 1061 3936 serre
1083 3870 1208 3936 videtur

366 3990 414 4054 vis
438 3990 523 4054 etin
547 3990 717 4053 adversum
740 3987 857 4052 flumen
880 3987 1068 4052 contrudere
1091 3986 1227 4069 raptim,

370 4264 419 4309 395
439 4261 553 4307 videtur.
575 4257 588 4325 Η
609 4260 657 4306 397
673 4257 852 4319 Exstantisque
872 4254 886 4326 Η
905 4263 956 4308 406
976 4261 1019 4308 ubi
1040 4256 1053 4326 Η
1073 4263 1124 4307 414
1139 4259 1269 4307 coniectus
1291 4255 1302 4322 Η
1324 4261 1374 4304 417
1394 4251 1491 4324 01ἰοοΗ

369 4350 419 4394 419
431 4347 545 4406 Corpora
554 4346 668 4393 mirande
683 4345 696 4412 Η
710 4345 795 4393 caelo.
812 4341 824 4411 Η
838 4348 889 4394 418
900 4348 1027 4409 despicere
1041 4342 1055 4412 Η
1070 4347 1118 4393 421
1134 4345 1290 4406 dispersimus
1305 4342 1319 4410 Η
1333 4343 1490 4390 4231010000
