3236 5020
697 366 712 430 I

144 559 184 603 ne
207 557 280 603 mea
303 539 389 602 dona
414 539 468 601 tibi
493 537 596 602 studio
621 537 766 620 disposta
788 537 894 619 fideli,

35 651 42 664 ’
143 654 303 718 intellecta
325 653 413 736 prius
437 672 532 734 quam
556 646 635 735 sint,
660 637 846 734 contempta
863 652 1044 733 relinquas.

144 790 216 832 uam
241 769 297 831 tibi
321 767 360 832 de
384 788 507 831 somma
530 767 611 830 eaeli
633 765 757 830 ratione
780 765 937 845 deumque

73 907 108 952 no
144 884 304 948 disserere
327 882 498 964 inoipiam‚
523 889 554 946 et
577 900 681 946 rerum
703 879 877 963 primordia
901 881 1061 962 pandam,

142 999 228 1062 unde
253 997 355 1062 omnis
378 1003 493 1060 natura
518 1003 604 1060 ereet
626 1016 697 1075 res,
721 1001 844 1070 auctet,
868 995 1018 1077 alatque,

142 1132 247 1194 quove
270 1113 381 1176 eadem
405 1131 524 1174 rursum
548 1118 661 1176 natura
683 1116 846 1194 perempta
873 1111 1033 1188 resolvat3

143 1246 226 1307 quae
249 1245 307 1289 nos
331 1227 496 1290 materiem
520 1231 551 1289 et
573 1226 729 1306 genitalia
752 1245 887 1307 ctirpora
910 1224 1004 1288 rebus

140 1340 308 1406 reddunda
329 1341 361 1404 iu
385 1341 510 1404 ratione
532 1358 651 1406 rebare
674 1345 705 1402 et
728 1337 849 1400 semina
870 1357 973 1401 rerum

74 1478 108 1521 oo
141 1454 307 1538 appellare
331 1461 457 1518 suemus
480 1461 511 1517 et
533 1453 614 1517 haee
637 1452 751 1516 eadem
773 1470 926 1533 usurpare

141 1588 278 1651 eorpera
301 1568 424 1650 prima,
449 1567 531 1648 quod
557 1587 596 1630 ex
619 1567 683 1629 illis
706 1572 778 1628 sunt
800 1564 908 1628 emnia
930 1567 1060 1648 primis.

135 1683 331 1744 -Humana
352 1688 426 1744 ante
451 1681 560 1746 oeulos
583 1673 676 1746 foede
699 1699 768 1744 eum
791 1680 857 1742 vita
880 1679 999 1744 iaceret

140 1796 172 1859 in
197 1795 289 1858 terris
313 1815 468 1878 oppressa
491 1796 579 1874 gravi
604 1795 662 1857 sub
685 1793 861 1875 religione,

139 1927 222 1989 quae
245 1914 341 1990 eaput
362 1929 381 1971 a
404 1893 486 1972 caeli
509 1906 695 1990 regionibus
719 1907 908 1971 ostendebat

75 2044 108 2088 aa
141 2021 285 2086 horribili
310 2015 404 2104 super
426 2028 558 2105 aspectu
581 2020 767 2085 mortalibus
790 2022 935 2104 instans,

139 2135 273 2220 primum
297 2135 413 2200 Graius
437 2135 531 2200 borno
555 2135 700 2199 mortalis
722 2136 987 2222 tendereneontra

137 2256 186 2314 est
209 2249 317 2314 oeulos
340 2270 435 2315 ausus
458 2252 641 2335 primusque
665 2251 821 2316 obsistere
844 2259 974 2330 eontra;

139 2385 232 2452 quem
255 2383 359 2445 neque
382 2365 461 2430 fana
485 2365 578 2430 deum
602 2386 662 2430 nee
683 2366 816 2432 fulmina
839 2386 898 2432 nee
920 2367 1079 2432 minitanti

139 2499 298 2544 murmure
322 2481 510 2563 compressit
533 2481 675 2563 eaelum,
700 2482 757 2545 sed
782 2501 819 2545 eo
844 2482 946 2562 magis
969 2503 1074 2546 aerem

77 2620 110 2663 ro
141 2595 248 2658 inritat
270 2594 368 2657 animi
388 2596 555 2671 virtutem,
579 2596 749 2674 effringere
772 2603 806 2658 ut
827 2602 898 2658 arta
938 2629 974 2641 -1

141 2714 274 2774 naturae
297 2710 417 2793 primus
440 2703 602 2792 poitarum
627 2709 764 2772 claustra
788 2709 928 2791 eupiret.

141 2845 218 2906 ergo
242 2822 351 2908 vivida
374 2823 421 2925 vis
444 2823 541 2886 animi
565 2823 718 2905 pervinit,
743 2830 773 2932 et
796 2829 885 2886 extra

139 2939 296 3022 prooessit
319 2938 414 3020 longe
437 2936 632 3040 flammantia
656 2939 783 3002 moenia
807 2938 912 3002 mundi

141 3058 237 3134 atque
261 3072 353 3118 ornne
374 3053 562 3116 immensum
584 3053 770 3135 peragravit
791 3059 897 3128 ruente
921 3053 1111 3133 animoque3

79 3191 110 3236 τε)
143 3166 228 3231 unde
251 3166 350 3231 refert
373 3166 464 3230 nobis
487 3167 586 3229 vietor
608 3167 683 3248 quid
706 3168 807 3250 possit
830 3167 924 3246 oriri,

143 3281 218 3363 quid
241 3289 398 3363 nequeat,
421 3281 512 3346 finita
536 3287 676 3363 potestas
700 3282 837 3365 denique
861 3281 973 3362 auique

143 3418 205 3480 qua
228 3416 302 3460 nam
325 3397 365 3460 sit
387 3396 509 3460 ratione
532 3401 626 3476 atque
650 3398 715 3462 alte
737 3399 889 3461 terminus
912 3395 1073 3459 haerens.

143 3531 242 3593 quare
264 3511 377 3591 religio
399 3510 533 3593 pedibus
556 3511 699 3576 subieeta
722 3510 859 3574 vieissinr

143 3625 315 3709 opteritur,
340 3645 397 3689 nos
420 3633 582 3706 exaequat
603 3627 735 3690 viatoria
758 3625 869 3688 eaelo.

79 3762 111 3805 ao
185 3737 269 3802 Illud
291 3739 322 3802 in
347 3737 396 3802 bis
421 3741 514 3803 rebus
536 3760 667 3824 vereor,
691 3761 731 3805 ne
754 3740 835 3804 forte
858 3740 960 3804 rearis

142 3855 230 3938 inpia
252 3859 283 3916 te
306 3853 439 3918 rationis
461 3854 540 3917 inire
562 3855 719 3948 elementa
742 3855 889 3936 viamque

141 3966 311 4050 indugredi
335 3966 485 4031 sceleris.
531 3968 616 4048 quod
638 3977 748 4034 eontra
770 3969 899 4052 saepius
921 3967 979 4030 illa

143 4237 175 4284 66
205 4235 293 4282 tollere
317 4231 331 4302 Η
356 4236 389 4283 68
414 4233 482 4312 fania
508 4229 521 4302 Η
547 4236 579 4282 70
602 4233 762 4298 confringere
787 4232 800 4303 Η
828 4238 856 4283 71
884 4243 1001 4300 cuperet.
1027 4232 1040 4301 Η
1068 4235 1098 4280 74
1124 4248 1224 4284 ornnem
1249 4234 1262 4303 Η

144 4325 174 4372 77
203 4321 332 4386 Quantum
