3266 4994
694 401 721 462 V

138 587 195 632 neo
220 569 329 634 minus
352 571 385 634 in
408 578 494 636 certo
518 569 628 636 dentes
653 571 769 635 cadere
792 571 927 654 imperat
949 577 1040 636 aetas

133 689 284 769 ternpore
307 692 338 750 et
361 686 512 770 inpubem
535 685 623 750 molli
647 685 822 769 pubescere
844 690 933 750 veste

132 803 163 862 et
186 800 313 882 pariter
334 800 463 865 mollem
488 799 579 865 malis
602 799 766 866 demittere
790 799 945 864 barbam:

66 933 108 978 ors
132 912 274 978 fulmina
296 920 478 999 postremo,
496 914 570 992 nix,
587 915 724 998 imbres,
742 913 871 996 nubila,
889 913 974 978 venti
989 962 1002 996 ,.

131 1049 197 1092 non
222 1029 323 1094 nimis
346 1028 473 1094 incertis
495 1029 575 1092 liunt
597 1030 628 1092 in
652 1029 796 1113 partibus
819 1027 916 1092 anni.

131 1161 279 1226 namque
302 1142 355 1207 ubi
381 1143 427 1208 sic
450 1141 576 1207 luerunt
598 1163 767 1208 causarum
793 1140 927 1208 exordia
948 1141 1051 1224 prima

133 1263 236 1340 atque
261 1257 378 1322 iteres
401 1258 508 1322 mundi
533 1257 677 1324 cecidere
699 1259 741 1322 ab
766 1257 889 1340 origine
912 1256 1034 1340 prima,

131 1379 303 1454 conseque·
327 1391 452 1454 quoque
475 1374 536 1436 iam
563 1371 697 1439 redeunt
721 1390 761 1436 ex
785 1369 896 1436 ordine
920 1375 1026 1434 certo.

23 1487 25 1568 l
65 1501 109 1547 oso
178 1486 338 1551 Crescere
359 1485 496 1568 itemque
520 1485 589 1552 dies
611 1488 685 1552 licet
707 1493 738 1551 et
760 1486 926 1550 tabescere
949 1488 1078 1558 noctes,

135 1604 168 1662 ct
191 1600 296 1663 minui
320 1600 428 1686 luces,
446 1622 515 1666 cum
540 1608 666 1666 sumant
689 1600 839 1682 augmina
861 1605 991 1674 noctes,

134 1721 192 1778 aut
217 1715 295 1797 quia
317 1715 367 1780 sol
389 1716 473 1781 idern
497 1716 555 1780 sub
579 1722 681 1782 terras
703 1722 800 1797 atque
824 1733 959 1797 superne

23 1893 44 1938 p,
135 1827 320 1912 imparibus
344 1850 473 1898 currens
497 1831 706 1896 amfractibus
729 1830 867 1894 aetheris
891 1848 966 1893 oras

23 1947 24 1980 r
136 1944 239 2024 partit
261 1951 292 2008 et
313 1944 345 2009 in
368 1945 470 2030 partis
494 1966 559 2011 uon
582 1967 704 2029 aequas
728 1945 840 2010 dividit
864 1945 994 2026 orbem,

23 2097 24 2114 r
69 2072 113 2119 oss
139 2063 172 2120 et
197 2058 287 2140 quod
310 2059 530 2125 ab'alterutra
552 2061 690 2127 detraxit
713 2058 968 2145 parte,1·eponit

138 2173 212 2238 eius
236 2174 269 2237 in
292 2174 429 2240 adversa
450 2180 539 2240 tanto
561 2177 633 2260 plus
656 2184 748 2262 parte
771 2175 912 2256 relatus,

141 2287 248 2353 donec
272 2289 314 2351 ad
336 2289 367 2352 id
392 2289 518 2371 siguum
543 2292 624 2356 caeli
648 2291 808 2375 pervenit,
826 2289 880 2354 ubi
904 2285 979 2352 anni
1007 2282 1010 2291 ’

138 2401 246 2467 nodus
270 2407 442 2469 nocturnas
466 2411 626 2488 exaequat
647 2405 773 2469 lucibus
797 2403 948 2467 umbras:

140 2537 217 2581 nam
241 2516 347 2582 medio
372 2538 465 2583 cursu
488 2519 580 2586 tlatus
604 2518 764 2600 aquilonis
789 2521 820 2580 et
844 2514 944 2579 austri

76 2643 119 2692 oso
141 2630 294 2710 distinct,
312 2639 449 2715 aequato
473 2634 596 2699 caelum
621 2632 804 2698 discrimine
827 2636 972 2704 metans,

142 2751 276 2828 propter
298 2745 444 2828 signiferi
466 2747 642 2831 posituram
667 2747 762 2811 totius
787 2744 872 2808 orbis

76 2873 119 2920 uos
144 2857 289 2941 obliqui,
307 2865 408 2925 terras
432 2866 463 2925 et
485 2859 611 2924 caelum
635 2859 753 2924 lumine
776 2859 915 2922 lustrans

75 2987 118 3036 oea
145 2993 256 3037 annua
279 2973 328 3038 sol
351 2974 382 3037 in
408 2995 469 3056 quo
494 2974 655 3040 concludit
677 2971 820 3059 tempora
844 2991 997 3057 serpens,

76 3101 120 3150 oon
146 3092 182 3150 ut
204 3087 284 3151 ratio
308 3088 452 3152 declarat
475 3109 582 3153 eorum
607 3089 660 3171 qui
683 3091 755 3154 loca
778 3089 858 3154 caeli

147 3199 256 3264 omnia
279 3200 444 3285 dispositis
467 3203 566 3286 signis
590 3211 702 3268 oruata
724 3208 894 3267 notarunt.

145 3320 200 3378 aut
223 3316 300 3396 quia
323 3316 461 3381 crassior·
484 3323 532 3383 est
555 3319 648 3382 certis
672 3318 705 3380 in
728 3317 871 3399 partibus
895 3324 969 3398 aer,

147 3430 205 3493 sub
228 3430 321 3494 terris
343 3429 416 3495 ideo
440 3432 612 3494 tremulum
635 3430 726 3493 iubar
748 3427 993 3516 lraesitatignis

148 3549 398 3627 necpenetra1·e
421 3547 527 3627 potest
551 3541 647 3607 facilc
672 3549 767 3625 atque
793 3558 959 3622 emergere
983 3537 1025 3603 ad
1050 3519 1157 3602 ortus{

147 3653 316 3741 propterea
339 3663 448 3722 noctes
472 3657 605 3723 hiberno
629 3663 773 3740 ternpore
798 3656 915 3739 longae

75 3788 122 3834 roo
147 3777 293 3855 cessant,
311 3770 385 3834 dium
408 3774 517 3838 veniat
540 3772 699 3837 radiatum
722 3771 849 3855 insigne
872 3769 958 3834 diei.

147 3890 203 3948 aut
225 3885 319 3949 etiam
334 3933 341 3969 ,
359 3883 433 3966 quia
456 3887 500 3950 sic
525 3887 655 3952 alternis
679 3885 824 3970 partibus
848 3884 923 3948 anni

146 3999 269 4064 tardius
291 4005 323 4064 et
345 3997 438 4063 citius
461 4007 652 4065 consuerunt
674 4000 832 4066 confluere
856 3999 967 4082 ignes,

152 4271 200 4320 675
220 4269 340 4319 Flumina
358 4279 486 4334 postromo
508 4267 522 4338 Η
543 4273 592 4320 070
613 4269 772 4331 Consequiae
793 4271 806 4336 ΙΙ
826 4285 909 4319 rerum
930 4268 943 4336 ll
970 4271 1019 4316 684
1039 4283 1052 4315 c
1072 4265 1097 4314 in
1118 4263 1131 4334 Η
1151 4267 1201 4314 690
1221 4280 1272 4315 me·

150 4363 204 4404 tus.
226 4353 238 4424 Η
261 4359 310 4406 003
331 4357 442 4421 Obliquo
465 4355 477 4426 [Ι
498 4359 547 4406 002
567 4357 682 4406 contudit
702 4353 716 4424 Η
738 4359 787 4406 700
806 4357 876 4406 dici.

1008 4449 1073 4518 12*
