3240 5010
686 393 728 458 VI

143 567 266 633 tumida
290 587 359 630 cum
385 567 467 631 caeli
491 566 666 631 scintillare
690 567 798 630 omnia
821 569 941 652 templa

56 707 117 754 645
147 687 313 748 cernentes
335 681 453 764 pavida
476 681 679 775 complebant
701 687 832 764 pectora
855 703 950 760 eura,

146 797 225 881 quid
246 797 409 861 moliretur
432 815 534 860 rerum
559 802 672 860 natura
693 817 868 862 novarum.

185 913 280 977 Hisce
302 911 359 975 tibi
383 911 415 974 in
439 911 534 975 rebus
556 910 651 974 latest
673 911 803 993 alteque
826 911 998 976 videndum

146 1033 178 1092 et
200 1028 298 1108 longe
322 1033 453 1091 cunctas
475 1026 508 1090 in
531 1025 632 1109 partis
655 1024 910 1110 dispiciendum,

145 1149 180 1206 ut
202 1141 415 1206 reminiscaris
439 1160 595 1205 summam
619 1160 724 1204 rerum
749 1160 822 1206 esse
843 1141 1055 1224 profundam,

59 1279 119 1325 cco
145 1255 309 1322 strideas
332 1256 457 1320 caelum
480 1255 615 1319 summai
637 1255 733 1320 totius
756 1275 854 1319 unum

145 1392 237 1453 quam
261 1372 302 1436 sit
324 1371 460 1456 parvula
482 1389 558 1453 pars
581 1377 613 1434 et
636 1390 729 1451 quam
753 1369 935 1435 multesima
958 1379 1101 1446 constet,

145 1505 204 1552 nec
226 1491 292 1550 tota
314 1506 412 1571 pars,
428 1485 524 1549 homo
546 1484 642 1549 terrai
667 1489 766 1565 quota
788 1485 888 1549 totius
910 1505 1013 1550 unus.

146 1601 231 1683 qnod
255 1601 335 1665 bene
358 1600 556 1683 propositum
579 1599 604 1663 si
630 1599 726 1681 plane
750 1606 922 1664 contueare

145 1736 183 1781 ae
205 1716 318 1780 videas
340 1716 457 1799 plane,
474 1715 580 1778 mirari
605 1714 703 1777 multa
726 1712 909 1794 relinquas.

61 1851 118 1896 666
145 1830 293 1912 numquis
317 1831 400 1895 enim
424 1837 565 1895 nostrum
589 1829 739 1910 miratur,
757 1827 858 1909 siquis
879 1827 911 1891 in
934 1834 1020 1893 artus

143 1945 266 2029 accepit
288 1930 391 2009 calido
414 1945 528 2010 febrim
551 1944 675 2009 fervore
699 1950 840 2008 coortam

144 2067 198 2123 aut
220 2059 317 2123 alium
340 2060 485 2141 quemvis
508 2059 610 2123 morbi
633 2077 691 2142 per
714 2060 855 2123 membra
878 2059 1051 2124 dolorem?

144 2175 337 2257 opturgescit
359 2173 444 2238 enirn
467 2174 572 2238 subito
595 2191 674 2256 pes,
691 2173 801 2257 arripit
823 2194 899 2239 acer

144 2307 242 2373 saepe
265 2288 358 2352 dolor
379 2289 511 2370 dentes,
528 2288 639 2352 oeulos
661 2287 782 2352 invadit
804 2288 837 2351 in
859 2289 970 2371 ipsos,

62 2423 116 2470 666
143 2403 249 2468 existit
270 2423 361 2478 sacer
383 2403 466 2487 ignis
489 2410 520 2467 ct
542 2402 604 2466 urit
627 2421 760 2482 corpore
784 2421 917 2484 serpens

145 2537 236 2599 quam
262 2539 395 2601 eumque
418 2517 552 2602 arripuit
574 2516 708 2600 partim,
725 2516 869 2598 repitque
891 2536 948 2599 per
971 2523 1077 2598 artos,

143 2633 175 2696 ni
199 2634 330 2710 mirum,
348 2635 424 2716 qnia
445 2639 518 2698 sunt
540 2631 709 2695 multarum
733 2630 857 2695 semina
879 2651 1006 2714 rerum,

145 2753 176 2813 et
198 2749 276 2814 satis
299 2750 379 2814 baec
401 2749 497 2814 tellus
520 2747 589 2812 orbi
613 2746 801 2826 caelumque
824 2745 899 2808 mali
922 2744 1004 2827 fert,

143 2862 229 2927 unde
252 2869 349 2945 queat
370 2862 419 2926 vis
441 2863 586 2928 immensi
610 2880 814 2945 procrescere
838 2861 960 2926 morbi.

64 2999 117 3045 666
143 2977 189 3042 sie
211 2977 308 3058 igitur
329 2977 387 3040 toti
410 2977 499 3042 caelo
522 2984 688 3058 terraeque
710 2975 919 3060 putandumst

143 3111 183 3155 ex
205 3091 329 3156 infinito
353 3092 433 3157 satis
456 3093 562 3156 omnia
586 3090 813 3176 suppeditare,

144 3205 229 3271 unde
252 3213 385 3290 repente
408 3212 506 3287 queat
527 3205 622 3270 tellus
646 3225 803 3272 concussa
825 3204 944 3270 moveri

142 3341 263 3405 perque
285 3341 374 3385 marc
399 3339 438 3384 ac
460 3325 561 3384 terras
584 3320 717 3403 rapidus
739 3338 923 3404 percurrere
947 3319 1061 3391 turbo,

142 3435 228 3516 ignis
251 3434 417 3500 abundare
438 3434 620 3508 Aetnaeus,
636 3431 853 3497 flammescere
876 3432 1020 3497 caelum:

46 3572 119 3626 ‚cro
144 3549 178 3614 id
202 3570 329 3633 quoque
352 3551 436 3615 enim
459 3547 513 3630 fit,
531 3552 563 3610 et
585 3546 759 3610 ardescunt
781 3544 932 3609 caelestia
953 3543 1092 3627 templa,

145 3669 177 3730 et
198 3671 404 3750 tempestates
419 3661 554 3748 pluviae
578 3659 725 3743 graviore
748 3664 857 3724 coortu

144 3786 237 3858 sunt,
255 3780 308 3844 ubi
331 3779 413 3844 forte
436 3778 482 3842 ita
504 3796 539 3842 se
561 3775 731 3840 tetulerunt
752 3771 874 3837 semina
895 3792 1072 3852 aquarum.

138 3890 188 3960 ‘at
210 3894 304 3959 nimis
326 3901 375 3958 est
396 3893 511 3973 iugens
532 3889 661 3956 incendi
684 3885 830 3954 turbidus
853 3881 972 3952 ardor?

142 4009 284 4088 seilicet,
300 4015 332 4074 et
352 4007 466 4073 liunus
490 4006 595 4089 quivis
618 4011 666 4072 est
688 4001 846 4068 maximus
869 4001 898 4072 ei

148 4286 198 4333 648
211 4283 400 4347 despiciendum
414 4319 419 4330 .
435 4276 448 4347 ll
469 4277 676 4342 653p1'0positus
698 4274 710 4343 Η
730 4275 799 4339 plani
821 4273 834 4342 ll
856 4278 906 4326 658
920 4271 1080 4324 Obturceseit
1099 4265 1112 4338 ll
1134 4271 1183 4318 662
1198 4269 1239 4330 qui
1255 4265 1268 4336 ΙΙ

147 4373 197 4422 663
218 4371 301 4420 morbi
322 4367 335 4436 Η
356 4373 405 4420 667
427 4383 550 4420 concusso
572 4371 585 4435 {l
608 4369 658 4414 674
677 4366 720 4430 qui
740 4365 807 4414 visus

1006 4452 1070 4530 re*
