3236 5020
699 393 728 456 Il

126 567 316 645 praeterea
338 568 468 626 cunctas
489 560 599 626 itidem
622 582 674 627 res
697 568 820 627 vertere
844 583 936 627 sese.

49 697 98 742 ers
125 681 272 741 vertunt
293 696 328 740 se
350 675 438 739 fluvii
461 675 593 740 frondes
617 682 648 742 et
670 677 791 759 pabula
813 677 896 740 laeta

123 791 160 853 in
185 790 361 874 pecudes,
377 796 502 855 vertunt
524 791 666 874 pecudes
689 791 721 854 in
744 811 880 875 corpora
903 795 1013 858 nostra

125 912 313 982 naturam,
330 911 360 969 et
382 909 491 969 nostro
514 904 555 968 de
578 924 713 989 corpore
737 925 834 988 saepe
857 904 997 970 ferarum

126 1025 324 1104 augescunt
346 1019 431 1083 vires
453 1024 484 1082 et
506 1038 642 1102 corpora
663 1020 947 1104 pennipotentum.

128 1153 219 1216 ergo
248 1151 358 1197 omnes
380 1137 497 1196 natura
520 1133 608 1196 cibos
631 1133 664 1196 in
687 1154 822 1217 corpora
843 1135 917 1198 viva

50 1270 101 1315 sco
128 1249 238 1312 vertit
260 1253 291 1312 et
312 1247 385 1310 hinc
409 1264 522 1309 sensus
544 1245 739 1310 animantum
760 1257 908 1331 procreat
930 1271 1060 1327 omues,

129 1384 208 1428 non
234 1362 300 1427 alia
322 1361 417 1443 longe
440 1359 562 1423 ratione
585 1360 692 1441 adque
716 1362 806 1425 arida
829 1362 919 1442 ligna

131 1476 284 1560 explicat
306 1476 340 1538 in
362 1475 507 1538 flammas
530 1480 562 1538 et
584 1475 617 1537 in
639 1476 724 1556 ignis
748 1477 853 1542 omnia
875 1485 1002 1543 versat.
1039 1463 1060 1489 '

134 1591 251 1654 iamne
272 1589 363 1654 vides
384 1589 480 1672 igitur
502 1590 611 1669 magni
633 1589 810 1672 primordia
833 1610 938 1654 rerum

90 1724 94 1733 ’
140 1703 267 1768 referre
289 1705 320 1767 in
344 1704 431 1784 quali
453 1703 516 1766 sint
538 1704 649 1767 ordine
672 1723 821 1785 quaeque
844 1707 948 1770 locata

57 1835 114 1882 885
143 1823 180 1881 et
204 1817 369 1882 commixta
393 1817 506 1898 quibus
529 1818 603 1881 dent
626 1823 729 1883 motus
753 1819 1002 1903 accipiantque?

180 1934 264 1996 Tum
286 1951 381 2014 porro
405 1931 480 2012 quid
502 1932 536 1994 id
560 1939 626 2008 est,
643 1933 784 1996 animum
809 1934 893 2014 quod
915 1937 1070 2021 percutit,
1086 1938 1191 2021 ipsum

137 2047 228 2127 quod
252 2050 358 2110 movet
380 2051 411 2108 et
431 2046 538 2110 varios
561 2065 674 2110 sensus
697 2066 885 2130 expromere
908 2051 1013 2133 cogn,

136 2180 181 2225 ex
205 2161 410 2225 insensilibus
433 2179 473 2224 ne
496 2160 608 2225 credas
632 2161 750 2226 sensile
774 2163 892 2244 gigni?

137 2275 174 2337 ni
197 2275 332 2357 mirum,
348 2274 475 2359 lapides
500 2280 531 2338 et
553 2275 641 2357 ligna
664 2283 695 2339 et
717 2282 803 2340 terra
826 2277 911 2357 quod
933 2299 998 2343 una

59 2406 109 2454 seo
137 2391 240 2454 mixta
262 2395 371 2453 tamen
395 2394 555 2469 nequeunt
577 2389 705 2454 vitalem
729 2391 864 2456 reddere
887 2412 1036 2457 sensum.

135 2503 221 2568 illud
243 2504 276 2566 in
299 2503 347 2567 his
370 2503 467 2583 igitur
489 2504 584 2570 rebus
607 2504 789 2568 meminisse
813 2506 959 2582 decebit,

136 2641 205 2684 uon
229 2637 269 2682 ex
292 2617 439 2682 omnibus
462 2619 610 2701 omnino,
629 2639 713 2699 quae
737 2639 873 2699 cumque
897 2628 1005 2684 creant
1026 2639 1099 2698 res,

138 2733 261 2798 sensile
284 2740 315 2796 et
338 2733 498 2815 extemplo
523 2753 573 2796 me
596 2731 686 2816 gigni
709 2731 815 2795 dicere
837 2753 972 2811 sensus,

135 2846 199 2912 sed
222 2847 330 2928 magni
352 2845 471 2911 referre
495 2847 692 2930 caprimum
716 2847 872 2927 quantula
898 2853 1062 2930 constent,

59 2979 110 3028 ces
138 2962 262 3027 sensile
285 2981 367 3043 quae
389 2960 531 3037 faciunt,
548 2968 580 3025 et
601 2981 666 3043 qua
689 2962 751 3026 sint
774 2963 918 3046 praedita
939 2962 1063 3048 forma,

138 3077 280 3142 motibus
304 3075 467 3141 ordinibus
489 3076 642 3160 posituris
664 3076 801 3159 denique
825 3099 907 3160 quac
930 3079 1012 3142 sint.

139 3211 277 3274 quarum
301 3191 345 3254 nil
367 3210 472 3253 rerum
495 3190 529 3254 in
550 3191 647 3271 lignis
670 3192 858 3273 glaebisque
880 3193 1045 3257 videmus:

138 3311 302 3371 ettamen
324 3306 422 3386 haec,
440 3327 510 3370 cum
533 3313 605 3370 sunt
628 3306 719 3385 quasi
741 3306 925 3388 putrefacta
947 3327 1007 3390 per
1026 3307 1165 3388 imbres,

139 3419 331 3485 vermiculos
353 3420 501 3503 pariunt,
518 3420 594 3502 quia
617 3439 753 3500 corpora
775 3419 917 3483 materiai

65 3552 115 3602 900
141 3534 281 3616 antiquis
305 3555 345 3599 ex
368 3533 534 3599 ordinibus
555 3538 701 3618 permota
724 3553 807 3596 nova
829 3552 864 3597 re

142 3648 354 3712 concilientur
375 3649 421 3711 its
443 3656 478 3712 ut
500 3649 618 3714 debent
640 3647 796 3710 aniuralia
817 3646 926 3730 gigni.

142 3761 260 3826 deinde
284 3782 343 3838 ea,
360 3762 534 3828 seminibus
557 3761 611 3845 qui
635 3761 752 3827 sensile
774 3781 871 3846 posse
894 3762 994 3827 creari

144 3877 342 3941 constituunt
364 3895 459 3960 porro
483 3895 523 3939 ex
544 3877 618 3941 aliis
640 3875 757 3942 sentire
781 3876 899 3960 suetis,

142 3990 253 4054 mollia
276 3990 342 4054 iam
365 3989 507 4054 faciunt:
525 4008 599 4053 nam
622 4011 734 4056 sensus
755 3991 898 4072 iungitur
920 3989 1023 4055 omnis

148 4258 198 4304 875
222 4256 249 4303 in
275 4257 378 4308 frondes
404 4255 417 4325 ll
443 4259 492 4306 889
519 4261 544 4303 et
567 4253 634 4316 ignis
658 4249 672 4320 ΙΙ
698 4256 745 4303 891
774 4253 846 4302 ledus
870 4252 885 4321 Η
910 4252 1025 4301 decedit.
1047 4248 1060 4315 Η
1086 4251 1136 4297 893
1161 4247 1271 4298 Sensilis

148 4344 257 4408 stemplo
278 4341 291 4410 Η
314 4345 363 4394 902
383 4359 416 4394 ex
428 4342 562 4395 sensilibus
581 4336 595 4407 Η
617 4341 666 4389 903
685 4341 766 4390 sueti.
788 4337 801 4407 Η
823 4343 873 4390 904
892 4338 984 4390 Mollis
1002 4351 1059 4386 eum
