3266 4994
673 381 700 446 V

132 555 285 640 religione
307 553 488 621 refrenatus
511 552 658 618 neforto
681 552 782 618 rearis
810 591 816 603 ·

71 691 110 736 na
133 677 234 737 terras
256 676 288 735 et
310 669 409 734 solem
433 673 466 734 et
487 667 633 751 eaelum,
650 686 739 732 mare
762 665 869 730 sidera
891 664 1022 750 lunam,

132 805 262 869 eorpore
285 785 394 851 divino
417 783 534 849 debere
557 788 686 848 aeterna
708 797 858 864 manere,

130 905 363 984 proptereaque
385 904 479 983 putes
501 898 562 962 ritu
585 917 645 982 par
669 917 739 962 esse
762 895 934 979 Gigantum

129 1014 273 1097 pendere
296 1034 351 1080 eos
374 1033 498 1098 poenas
519 1013 638 1078 inmani
660 1033 718 1096 pro
742 1011 861 1076 seelere
885 1011 1007 1094 omnis,

132 1129 185 1210 qui
209 1129 333 1193 ratione
356 1148 416 1193 sua
438 1127 615 1193 disturbent
637 1126 765 1192 moenia
788 1127 897 1190 mundi

68 1263 108 1308 no
131 1243 395 1327 praeclarumque
417 1243 515 1309 velint
538 1243 622 1310 caeli
644 1242 843 1324 restinguere
865 1243 985 1326 solem,

130 1359 314 1424 inmortalia
336 1359 460 1425 mortali
482 1377 631 1424 sermone
655 1362 826 1435 notantes;

131 1493 214 1555 quae
236 1474 348 1557 proeul
371 1493 474 1556 usque
496 1474 579 1540 adeo
601 1473 710 1537 divino
734 1493 754 1537 a
776 1472 904 1538 numine
927 1472 1065 1554 distent,

130 1589 229 1672 inque
251 1587 345 1652 deum
368 1608 498 1654 numero
523 1607 606 1671 quae
629 1589 692 1654 siut
714 1586 849 1668 indigna
870 1586 991 1663 videri,

132 1703 275 1770 notitiam
300 1703 405 1786 potius
427 1705 580 1786 praebere
603 1709 637 1767 ut
659 1721 755 1786 posse
777 1705 928 1784 putentur

68 1838 109 1885 rao
134 1817 212 1900 quid
235 1817 276 1882 sit
296 1817 385 1883 vitali
410 1826 497 1884 motu
519 1837 679 1903 sensuque
701 1822 877 1882 remotum.

132 1933 248 2017 quippe
271 1932 385 1998 etenim
410 1955 474 1999 non
497 1939 562 2018 est,
580 1953 651 1999 oum
672 1931 785 2015 quovis
808 1950 940 2015 eorpore
963 1935 997 1994 ut
1018 1949 1090 1995 esse

130 2067 226 2132 posse
250 2047 347 2112 animi
369 2055 483 2112 natura
505 2056 633 2134 putetur
655 2046 907 2128 consiliumque3

131 2163 213 2227 siout
233 2162 267 2226 in
289 2161 420 2228 aethere
443 2183 507 2226 non
530 2162 645 2241 arbor,
662 2183 725 2228 uon
748 2180 887 2258 aequore
911 2159 996 2224 salso

134 2277 236 2342 nubes
259 2295 330 2342 esse
354 2284 493 2361 queunt,
509 2296 614 2359 neque
635 2277 741 2361 pisces
763 2277 870 2342 vivere
892 2275 925 2339 iu
947 2275 1052 2358 arvia,

74 2408 111 2456 no
133 2412 192 2456 nee
216 2412 309 2457 cruor
329 2391 363 2455 in
385 2391 479 2476 lignis
502 2411 606 2474 neque
629 2392 715 2456 suxis
739 2413 831 2456 sucus
853 2393 980 2457 inesse.

136 2512 257 2572 eertum
279 2526 317 2570 ao
340 2505 561 2590 dispositumst
583 2506 637 2571 ubi
661 2505 802 2587 quioquit
824 2511 948 2569 oresoat
970 2509 1002 2569 et
1025 2503 1119 2567 insit.
1176 2507 1178 2512 ’

134 2622 178 2687 sio
201 2620 298 2686 enimi
320 2626 435 2686 natura
458 2621 567 2703 nequit
589 2621 658 2686 sine
682 2639 815 2703 corpore
841 2619 915 2683 oriri

134 2736 204 2800 sola
227 2754 331 2816 neque
353 2756 372 2798 a
394 2735 502 2800 nervis
525 2741 556 2800 et
578 2735 736 2816 sanguine
760 2734 899 2814 longiter
922 2751 1015 2801 esse.

134 2850 260 2932 quidsi
283 2854 392 2934 posset
414 2848 525 2914 enim?
542 2849 639 2913 mutto
661 2849 748 2934 prius
771 2849 841 2932 ipsa
864 2847 962 2912 animi
985 2847 1033 2913 vis

71 2981 111 3030 rer
136 2965 168 3028 in
191 2965 295 3049 capite
317 2971 372 3029 aut
394 2964 510 3030 umeris
533 2970 587 3028 aut
607 2963 679 3029 imis
702 2963 844 3029 oaloibus
868 2982 940 3029 esse

137 3087 264 3164 posset,
282 3085 313 3144 et
334 3079 457 3144 innasei
480 3078 592 3162 quavis
616 3078 649 3143 iu
670 3084 761 3164 parte
785 3078 903 3146 soleret

117 3171 260 3259 'tandem
285 3194 317 3258 in
339 3194 453 3260 eodern
477 3192 604 3258 homine
627 3201 723 3275 atque
745 3195 778 3258 in
801 3195 922 3283 eodem
936 3213 1015 3258 vase
1038 3210 1188 3256 manere.

136 3308 221 3390 quod
244 3310 394 3390 quoniam
416 3314 526 3373 nostro
551 3328 678 3389 quoque
702 3314 825 3375 constat
846 3327 979 3389 eor-pore
1003 3311 1142 3386 certum,

137 3422 390 3508 dispositumque
412 3422 538 3488 videtur
561 3421 616 3484 ubi
639 3442 710 3486 esse
734 3429 765 3485 et
787 3439 931 3486 creseere
953 3418 1056 3501 possit

70 3551 112 3600 no
135 3557 278 3603 seorsum
301 3538 410 3602 anima
433 3541 527 3616 atque
550 3534 693 3612 animus,
708 3539 798 3598 tanto
823 3532 925 3612 magis
947 3530 1144 3595 infitiandum

136 3657 232 3716 totum
258 3671 352 3734 posse
376 3658 466 3716 extra
489 3670 604 3734 eorpus
628 3649 825 3729 formamque
848 3645 1021 3711 animalem

136 3767 280 3850 putribus
302 3765 334 3829 in
357 3765 460 3848 glebis
483 3771 637 3831 terrarum
660 3769 717 3830 aut
738 3764 816 3829 solis
838 3762 872 3827 in
894 3762 962 3844 igni

137 3881 245 3945 autin
269 3899 355 3961 aqua
378 3879 493 3944 durare
517 3885 575 3943 aut
595 3880 670 3946 altis
693 3879 831 3944 aetheris
855 3878 939 3944 oris.

137 4060 337 4069 —..—.-—.-—

142 4182 190 4227 114
209 4177 356 4241 Rolligione
381 4175 394 4246 Η
422 4181 471 4228 116
490 4194 590 4228 meere.
617 4176 629 4246 Η
657 4182 703 4227 111
724 4195 781 4242 pars
806 4177 818 4246 Η
846 4181 893 4228 121
919 4175 1028 4227 sermoni
1054 4172 1068 4243 ΙΙ
1096 4175 1143 4222 122
1168 4171 1261 4219 nimin-

140 4266 248 4316 bisteut.
271 4263 283 4332 ΙΙ
306 4269 352 4314 131
369 4265 464 4317 ciescet
475 4277 500 4317 et
512 4268 603 4317 inesit.
624 4265 637 4335 Η
660 4268 707 4314 133
721 4282 802 4328 noque
815 4268 881 4316 aruis
901 4265 913 4336 ΙΙ
933 4265 1034 4327 longius
1054 4259 1067 4329 ΙΙ
1090 4262 1138 4308 134
1151 4258 1226 4320 Quod
1247 4256 1260 4328 ΙΙ

143 4357 189 4404 142
210 4353 304 4416 glebris
325 4351 339 4422 Η
360 4355 387 4401 iu
406 4357 546 4406 omissum.
804 4370 808 4377 ·

956 4453 1056 4552 Ι11
