3266 4994
691 421 719 487 V

71 614 114 658 114
139 593 259 676 quidve
282 595 358 658 maii
380 594 487 659 fuerat
508 593 602 659 nobis
624 613 689 659 non
713 613 784 659 osse
807 593 949 660 neatis?

67 727 109 773 111
134 714 233 774 natus
257 709 341 773 enim
364 709 461 774 debet
482 709 535 790 qui
559 728 698 790 oumque
721 715 769 774 est
789 709 872 773 velle
894 727 1023 774 manere

132 822 166 886 in
194 823 286 901 vita,
303 823 406 888 doneo
428 822 577 888 retinebit
598 823 719 888 blanda
740 824 911 909 voluptas:

132 937 186 1018 qui
217 958 391 1018 numquam
413 957 491 1002 vero
512 939 597 1003 vitae
619 939 758 1019 gustavit
779 958 920 1002 amorem

64 1070 107 1116 rso
130 1072 192 1116 111
214 1052 277 1116 fuit
298 1053 332 1116 in
353 1073 506 1138 numero,
525 1053 601 1134 quid
624 1053 716 1117 obest
737 1073 802 1117 non
824 1073 895 1119 esse
918 1053 1090 1118 creatum?

131 1167 320 1251 exemplum
342 1189 437 1251 porro
460 1165 633 1252 gignundis
656 1167 752 1231 rebus
774 1173 806 1232 et
827 1168 899 1251 ipsa

129 1281 265 1347 notities
287 1262 449 1345 hominum
473 1281 522 1345 dis
545 1281 629 1346 unde
654 1287 701 1346 est
723 1281 820 1346 insita
841 1283 998 1368 primum,

133 1395 213 1476 quid
237 1397 355 1460 vellent
376 1397 483 1461 faeere
505 1401 540 1459 ut
561 1395 679 1462 seirent
700 1397 871 1479 animoque
894 1398 1059 1476 viderent,

134 1529 242 1590 quove
266 1511 391 1576 modost
411 1531 561 1593 umquam
583 1511 633 1576 vis
656 1513 784 1592 cognita
806 1513 1032 1596 principiorum
1044 1561 1052 1596 ,

62 1642 107 1689 rso
132 1624 281 1706 quidque
303 1625 385 1689 inter
407 1645 478 1691 sese
501 1633 678 1710 permutato
701 1627 812 1691 ordine
835 1632 987 1711 possent,

131 1737 159 1804 si
182 1760 252 1804 non
273 1738 346 1822 ipsa
368 1740 456 1804 dedit
478 1741 638 1824 specimen
660 1747 776 1805 natura
799 1741 957 1807 creandi?

131 1872 277 1934 namque
301 1853 345 1917 ita
367 1854 467 1918 muita
488 1853 592 1920 modis
615 1856 721 1920 multis
743 1856 920 1940 primordia
942 1876 1061 1922 rerum.

134 1988 175 2032 11
197 1966 325 2032 infinito
348 1968 411 2032 iam
433 1975 577 2053 tempore
599 1971 720 2053 peroita
741 1972 848 2056 plagis

132 2079 397 2166 ponderibusque
420 2083 486 2149 suis
509 2091 702 2150 oonsuerunt
725 2086 849 2149 oonoita
871 2085 945 2149 ferri

67 2214 110 2261 roo
133 2195 393 2278 omnimodisque
415 2201 501 2264 eoire
525 2205 621 2281 atque
645 2199 751 2264 omnia
773 2206 1008 2284 pertemptare,

134 2332 223 2394 quae
247 2330 381 2392 eumque
403 2311 485 2376 inter
508 2333 542 2379 se
564 2321 697 2398 possent
719 2299 896 2398 oonigressa
919 2334 1051 2399 meare,

131 2434 167 2490 ut
191 2446 259 2492 non
282 2425 322 2489 sit
343 2425 477 2513 mirum,
493 2429 520 2493 si
543 2429 575 2492 in
597 2430 670 2493 talis
695 2427 906 2510 disposituras

135 2539 327 2607 deciderunt
349 2559 476 2622 quoque
500 2548 532 2606 et
554 2541 586 2604 in
610 2541 682 2606 talis
704 2561 822 2606 venere
845 2547 994 2626 meatus,

133 2655 286 2737 qualibus
308 2652 388 2718 11111
410 2674 521 2732 1111111,
538 2655 659 2736 geritur
683 2675 765 2720 nuno
788 2643 917 2719 summa
939 2656 1108 2720 novando.

72 2784 112 2833 ros
181 2768 275 2846 Quod
298 2769 324 2832 si
347 2765 416 2831 iam
431 2788 537 2832 rerum
559 2769 704 2850 ignorem
726 2769 902 2854 primordia
927 2789 1014 2852 quae
1037 2753 1120 2854 sint,

117 2882 201 2950 ,hoo
223 2889 333 2947 tamen
356 2902 395 2948 111
418 2881 497 2965 ipsis
524 2883 607 2946 oaeli
631 2884 808 2948 rationibus
831 2883 934 2948 ausim

137 2996 326 3062 confirmare
349 2997 487 3078 aliisque
511 3016 549 3060 ex
576 2997 670 3064 rebus
694 2999 830 3064 reddere
852 2998 979 3084 multis,

141 3131 351 3193 nequaquam
373 3111 468 3177 nobis
490 3110 642 3178 divinitus
665 3133 737 3178 esse
758 3121 906 3199 paratam

139 3233 287 3290 naturam
312 3245 436 3290 rerum:
454 3230 544 3289 tanta
566 3234 630 3292 stat
652 3228 796 3312 praedita
819 3229 935 3313 ouipa.

74 3353 117 3402 100
141 3340 300 3424 principio
324 3346 477 3420 quantum
501 3341 583 3405 oaoii
608 3342 687 3424 tegit
708 3342 845 3425 impetus
868 3343 1001 3422 ingens,

139 3453 216 3519 inde
239 3455 379 3537 aliquam
403 3460 524 3538 partem
548 3463 670 3520 montes
694 3457 858 3536 silvaeque
881 3455 1019 3518 ferarum

141 3568 463 3655 possodere‚tenent
484 3587 581 3652 rupes
604 3575 779 3650 vastaeque
802 3568 940 3652 paludes

61 3750 64 3758 ,
141 3686 174 3746 et
194 3703 303 3766 mare,
321 3684 406 3765 quod
428 3683 494 3748 late
517 3689 671 3747 terrarum
695 3683 827 3748 distinet
849 3704 942 3749 oras.

143 3796 218 3861 inde
242 3797 323 3861 duas
346 3819 440 3880 porro
463 3818 565 3882 prope
588 3797 690 3882 partis
713 3797 855 3864 fervidus
877 3799 974 3863 ardor
1045 3862 1050 3869 .

73 3921 119 3974 101
143 3909 363 3993 adsiduusque
386 3911 452 3995 geli
475 3932 570 3976 casus
593 3912 778 4020 mortaliipus
801 3913 924 3980 aufert.

146 4024 233 4105 quod
255 4046 352 4109 super
376 4030 426 4091 est
448 4026 539 4104 arvi,
555 4032 663 4092 tamen
685 4028 718 4091 id
741 4036 856 4106 natura
879 4049 938 4093 sua
960 4029 991 4091 vi

152 4299 200 4345 182
221 4297 285 4346 divis
306 4294 319 4366 Η
342 4301 390 4348 185
410 4315 435 4349 so
456 4297 469 4366 Η
492 4302 539 4347 186
560 4299 669 4362 speeiem
689 4297 702 4367 Η
725 4302 772 4349 181
791 4301 948 4350 multimodis
967 4292 981 4369 Η
1003 4303 1051 4348 191
1071 4301 1168 4364 possint
1188 4300 1199 4370 Η
1222 4303 1270 4351 193

149 4394 274 4434 maestus.
295 4381 309 4452 Η
333 4389 380 4435 195
399 4387 420 4434 si
440 4388 578 4438 omissum.
600 4385 613 4454 Η
635 4388 682 4434 201
705 4384 805 4436 avidam

1007 4485 1070 4554 lt*
