3240 5010
698 349 803 441 vr!

156 527 328 608 propterea
349 521 385 584 fit
406 522 451 585 uti
474 541 558 604 quae
582 521 704 586 semina
728 539 862 600 eumque
886 518 986 590 habet
1007 520 1092 601 ignis

157 637 315 716 dimittat3
332 637 423 719 quasi
447 655 546 720 saepe
568 635 696 720 gelum,
715 633 800 716 quod
823 635 963 700 eontinet
985 635 1016 699 in
1040 654 1094 719 se,

158 753 252 816 mittit
274 757 306 816 et
328 752 447 816 exolvit
469 751 605 836 glaciem
630 749 796 830 nodosque
819 749 963 812 relaxat.

197 866 348 948 Frigidus
372 873 421 930 est
444 866 539 930 etiam
564 865 654 942 fons,
673 886 771 949 supra
794 883 886 946 quem
912 865 973 929 sita
994 885 1093 949 saepe

78 1003 132 1050 880
158 987 276 1070 stuppa
297 982 371 1046 iaoit
392 980 554 1045 flammam
577 958 896 1064 eonoepto'protinus
918 979 1006 1063 igni,

156 1096 318 1179 taedaque
341 1095 498 1160 consimili
521 1095 644 1160 ratione
668 1114 804 1159 aooensa
827 1115 886 1178 per
908 1094 1012 1158 undas

158 1212 321 1294 conlucet,
341 1231 403 1293 quo
427 1231 561 1292 eumque
575 1218 702 1288 natans
725 1210 897 1293 impellitur
920 1210 1026 1273 auris.

160 1326 193 1390 ni
215 1326 348 1409 mirum,
366 1327 440 1407 quia
463 1326 592 1390 suntin
615 1345 703 1406 aqua
725 1326 883 1408 permulta
904 1324 1036 1408 vaporis

92 1529 96 1536 ι
163 1441 307 1524 semina,
325 1440 364 1505 de
387 1447 538 1522 terraque
563 1446 724 1506 neeessest
748 1438 890 1503 funditus
912 1439 985 1523 ipsa

83 1577 136 1623 888
161 1555 245 1638 ignis
268 1576 401 1639 eorpora
423 1574 481 1639 per
503 1561 602 1620 totum
627 1573 818 1636 consurgere
840 1554 961 1619 fontem

158 1676 190 1736 et
212 1671 305 1735 simul
329 1670 493 1753 exspirare
517 1669 605 1734 foras
629 1671 779 1751 exireque
801 1669 834 1732 in
857 1689 973 1752 auras,

158 1806 223 1850 888
245 1786 289 1849 ita
312 1785 414 1851 multa
436 1791 543 1850 tamen
558 1834 565 1868 ,
583 1784 703 1850 calidus
727 1791 824 1866 queat
845 1789 879 1846 ut
900 1784 968 1848 fieri
991 1783 1084 1868 sons,

159 1907 328 1984 propterea
350 1900 496 1983 dispersa
518 1899 604 1965 foras
628 1919 795 1984 erumpere
818 1900 904 1980 oogit

159 2015 207 2079 vis
231 2035 288 2099 per
310 2036 427 2097 equum
452 2016 555 2080 subito
579 2035 770 2098 sursumque
793 2035 833 2080 ea
855 2015 1039 2080 conciliari.

80 2153 133 2200 890
158 2131 242 2212 quod
265 2149 368 2212 genus
391 2130 475 2196 endo
499 2131 609 2195 marist
631 2130 730 2194 Aradi
754 2130 845 2213 fons,
863 2129 966 2194 duleis
988 2131 1086 2212 aquai

159 2246 211 2327 qui
235 2246 330 2311 sentit
352 2251 383 2310 et
405 2245 510 2309 salsas
533 2245 650 2308 eireum
673 2265 708 2308 se
730 2245 871 2309 dimovet
894 2244 1018 2310 undas:

159 2367 191 2424 et
212 2360 319 2424 multis
341 2359 414 2424 aliis
436 2359 570 2443 praebet
591 2359 776 2440 regionibus
799 2379 919 2440 aequor

159 2474 323 2539 utilitatem
348 2481 559 2558 opportunam
583 2473 752 2537 sitientibu'
776 2475 900 2558 nautis,

159 2589 245 2671 quod
269 2588 371 2653 duleis
394 2591 476 2654 inter
499 2588 605 2653 salsas
628 2587 829 2654 intervomit
851 2588 978 2652 undas.

81 2723 133 2770 888
160 2701 322 2786 sicigitur
344 2723 402 2787 per
424 2723 496 2766 eum
517 2709 652 2786 possunt
674 2723 839 2786 erumpere
860 2703 977 2767 fontem

159 2825 190 2882 et
212 2824 333 2882 scatere
355 2817 413 2880 illa
435 2818 520 2880 foras
543 2819 574 2880 in
600 2823 746 2900 stuppam
771 2818 913 2896 semina;
931 2839 993 2899 quo
1017 2839 1087 2882 oum

160 2931 351 2996 conveniunt
374 2938 428 2996 aut
451 2933 482 2995 in
506 2932 614 2996 taedai
637 2951 771 3015 corpore
794 2931 990 3018 adhaerent,

160 3045 330 3110 ardescunt
351 3045 448 3112 laeile
472 3048 651 3131 extemplo,
669 3048 745 3129 qnia
766 3049 867 3112 multa
890 3067 1017 3130 quoque
1040 3049 1071 3112 in
1095 3069 1129 3112 se

158 3160 281 3225 semina
305 3161 425 3226 habent
447 3162 530 3245 ignis
554 3169 689 3246 stuppae
712 3163 892 3244 taedaeque
914 3164 1071 3247 tepentis.

83 3295 134 3342 ooo
159 3295 266 3341 nonne
289 3274 380 3340 vides
403 3276 497 3340 etiam
512 3326 519 3353 ‚
535 3282 691 3340 nocturna
714 3276 755 3338 ad
778 3276 900 3342 lumina
922 3278 1022 3340 linum

158 3408 259 3472 nuper
281 3390 335 3454 ubi
358 3391 529 3455 extinotum
553 3389 748 3465 admoveas,
765 3390 933 3454 aooendier
956 3397 1032 3454 ante

159 3522 256 3583 quam
279 3503 382 3586 tetigit
403 3503 585 3581 flammam,
601 3503 795 3583 taedamque
817 3503 888 3586 pari
910 3503 1062 3568 ratione?

159 3615 322 3695 multaque
343 3623 512 3700 praeterea
533 3618 622 3704 prius
645 3616 714 3700 ipso
737 3622 821 3680 taeta
843 3637 963 3700 vapore

159 3721 281 3792 eminus
303 3730 476 3794 ardescunt
499 3751 594 3812 quam
619 3732 794 3795 oomminus
817 3730 938 3796 imbuat
959 3731 1064 3812 ignis.

84 3863 134 3910 eoo
162 3843 221 3906 ltoo
242 3841 336 3924 igitur
358 3841 426 3906 fieri
450 3863 577 3926 quoque
600 3847 632 3908 in
656 3846 711 3910 illo
735 3845 824 3911 fonte
847 3846 1071 3930 putandumst.

161 4024 363 4032 *-

162 4145 211 4193 877
231 4143 358 4194 Demittat
383 4141 396 4210 Η
421 4145 471 4191 878
490 4144 620 4207 nobosque
646 4145 659 4214 Η
687 4152 736 4198 879
757 4149 847 4212 Frigus
873 4147 885 4217 Η
914 4150 1045 4199 88018818
1065 4147 1078 4217 Η
1099 4151 1148 4196 887
1168 4149 1249 4205 muita
1270 4148 1282 4222 Η

163 4233 213 4280 888
232 4231 351 4281 Preterea
370 4229 383 4298 Η
405 4232 622 4280 8898888111888.
643 4231 657 4301 Η
678 4238 728 4284 899
747 4237 897 4300 marisparat
917 4240 929 4302 Η
950 4239 999 4285 898
1013 4245 1112 4300 praeter
1131 4232 1144 4302 Η
1165 4237 1215 4284 894
1229 4238 1283 4288 dul-

162 4317 198 4367 oit
218 4316 230 4386 Η
252 4322 301 4368 896
316 4335 363 4382 qne
384 4317 397 4388 Η
417 4321 466 4368 897
482 4319 546 4368 dodo
559 4334 666 4382 corpora
687 4320 699 4389 Η
720 4324 770 4370 898
785 4325 827 4385 qui
848 4322 861 4390 Η
882 4326 931 4372 899
946 4331 1073 4374 tenentes.
1089 4321 1103 4390 Η
1125 4325 1283 4374 9001188188
