3240 5010
705 389 749 456 VI

82 583 139 630 405
167 561 272 643 arguit
294 569 326 629 ct
347 561 503 644 liquidam
526 563 641 626 molem
667 580 861 646 camposque
884 563 1048 628 namatio?

164 685 334 762 praetcrea
357 679 383 740 si
407 678 472 740 vult
494 695 666 742 caveamus
688 675 831 741 fulminis
853 678 969 755 ictum,

167 785 223 858 cur
245 791 370 856 dubitat
392 789 501 864 facore
524 795 559 854 ut
578 789 738 874 possimus
761 809 890 856 cernere
913 791 1074 856 missum?

168 907 194 974 41
217 926 276 971 444
300 904 459 989 opinantis
482 910 587 970 autern
610 904 678 969 volt
699 904 882 988 opprimere
904 907 991 987 igni,

166 1041 222 1086 cur
244 1026 336 1084 tonat
357 1039 396 1085 ex
419 1020 476 1083 illa
497 1025 608 1102 parte,
624 1023 660 1082 ut
679 1017 784 1084 vitare
808 1039 982 1100 queamus,

84 1158 142 1204 410
169 1156 223 1200 cur
245 1135 394 1200 tenebras
417 1142 491 1199 41114
514 1139 545 1198 41
569 1133 712 1197 fremitus
736 1138 768 1197 et
788 1155 950 1198 murmura
973 1131 1102 1199 concil?

167 1257 200 1315 ct
221 1249 316 1314 simul
339 1250 372 1312 in
397 1249 513 1312 multas
535 1249 637 1331 partis
662 1248 715 1328 qui
739 1249 868 1313 credere
890 1248 995 1331 pessis

166 1364 317 1428 mittere?
333 1384 376 1427 an
399 1365 459 1428 hoc
482 1363 570 1427 ansis
592 1381 765 1443 numquam
788 1362 981 1428 contendere
1003 1363 1140 1446 factum,

170 1484 204 1542 ut
225 1476 338 1542 tierent
359 1479 440 1542 ictus
463 1498 527 1542 uno
550 1477 609 1543 sub
632 1483 774 1560 tempore
796 1475 932 1561 plures?

167 1599 201 1656 at
223 1599 351 1676 saepest
373 1611 505 1656 numero
528 1591 645 1656 14411114
668 1591 800 1672 fierique
823 1597 1008 1666 necessest,

87 1728 144 1774 415
170 1715 204 1770 nt
227 1707 335 1788 pluere
357 1708 391 1770 in
414 1705 520 1769 multis
543 1705 731 1785 regionibus
754 1712 787 1769 et
808 1705 922 1769 cadere
944 1705 1075 1781 imbris,

170 1820 305 1884 fulmina
327 1822 372 1884 sic
396 1819 551 1885 1111011411
574 1821 633 1884 sub
657 1825 799 1904 tempore
823 1820 940 1883 multa.

167 1943 329 2022 postremo
353 1956 409 2000 cur
432 1940 543 2000 sancta
565 1935 658 2000 deum
684 1935 817 1999 delubra
840 1953 980 2015 suasque

169 2050 298 2115 discutit
319 2049 434 2115 infesto
457 2051 641 2132 praeclaras
663 2048 796 2114 fulmine
819 2051 912 2114 sedes

170 2171 201 2228 et
223 2165 306 2228 bene
328 2162 415 2228 facta
437 2163 532 2228 deum
553 2163 673 2246 trangit
694 2163 864 2228 simulacra
888 2163 1017 2245 suisque

89 2301 143 2346 440
169 2279 267 2343 demit
289 2279 483 2358 imaginibus
505 2277 647 2343 violento
670 2276 801 2342 volnere
822 2276 1005 2343 honorem?

170 2393 299 2474 alteque
322 2413 377 2456 cur
397 2393 585 2476 plerumque
607 2392 686 2474 petit
709 2391 795 2468 loca,
812 2391 1011 2474 plurimaque
1034 2392 1102 2455 elus

171 2503 336 2572 montibus
353 2508 386 2570 in
409 2506 541 2571 summis
563 2505 699 2589 vestigia
722 2507 880 2570 cernimus
902 2504 1014 2584 ignis?

208 2621 302 2699 Quod
324 2640 420 2703 super
442 2627 511 2697 est,
528 2619 652 2685 facilest
675 2639 715 2683 cx
739 2619 789 2683 his
813 2639 1007 2702 cognoscere
1028 2620 1146 2695 rebus,

169 2743 327 2819 presteras
350 2735 459 2800 Graiei
483 2755 563 2818 quos
585 2737 627 2799 ab
651 2753 684 2798 re
706 2735 955 2817 nominitarunt‚

92 2873 146 2918 425
171 2851 205 2916 in
227 2871 316 2916 mare
341 2871 405 2932 qua
428 2851 514 2914 missi
537 2851 666 2914 veniant
688 2850 811 2915 1411044
834 2867 992 2934 superne.

170 2986 243 3030 nam
267 2965 300 3028 lit
322 2971 357 3030 ut
378 2967 459 3029 inter
482 2968 646 3030 duratam
670 2985 766 3047 quam
789 2965 928 3030 demissa
950 2963 1099 3030 columna

105 3061 108 3068 ⁴
169 3080 202 3145 in
224 3100 311 3145 mare
334 3079 374 3145 de
398 3081 488 3145 caelo
512 3079 707 3163 descendat,
725 3099 821 3162 qnam
844 3080 927 3146 frete
950 3080 1065 3145 circum

170 3195 350 3259 fervescunt
372 3195 512 3275 graviter
533 3195 727 3278 spirantibus
750 3196 847 3260 incita
868 3195 996 3272 flabris,

170 3315 201 3372 ct
224 3329 307 3391 quae
331 3327 466 3390 cumque
489 3309 524 3372 in
545 3328 583 3374 eo
606 3315 673 3374 tum
695 3311 758 3375 sint
779 3312 940 3395 deprensa
962 3309 1097 3372 tumultu

92 3445 144 3492 430
170 3425 300 3508 navigia
323 3425 356 3487 in
379 3444 535 3488 summum
558 3424 689 3488 veniant
709 3433 825 3490 vexata
846 3422 1021 3509 periclum.

169 3539 231 3603 hoc
252 3539 286 3602 fit
308 3538 362 3602 ubi
383 3538 465 3602 inter
487 3538 563 3602 dum
585 3558 650 3602 nnn
673 3539 740 3619 quit
761 3541 811 3603 vis
832 3541 929 3603 incita
950 3538 1036 3603 venti

169 3673 316 3737 rumpere
339 3672 436 3733 quum
460 3652 565 3736 coepit
586 3653 724 3727 nubem,
742 3653 799 3715 sed
823 3651 1042 3737 deprimit‚ut
1064 3652 1104 3715 sit

168 3767 199 3831 in
222 3787 313 3832 mare
336 3766 376 3832 de
401 3766 492 3831 caelo
515 3775 580 3831 iam
604 3786 699 3849 quam
721 3767 862 3831 demissa
885 3768 1054 3846 columna,

171 3883 349 3966 paulatim,
367 3881 457 3964 quasi
481 3881 555 3964 quid
578 3901 686 3964 pugno
710 3881 900 3964 bracchique
922 3901 1060 3967 superne

95 4015 145 4064 435
172 3997 318 4061 coniectu
340 3995 483 4060 trudatur
507 4002 539 4060 et
561 3996 754 4062 extendatur
775 3996 807 4060 in
829 3996 953 4080 undas3

173 4269 336 4338 4061111111
358 4271 524 4320 4174114114
544 4267 557 4338 ΙΙ
577 4273 625 4320 421
648 4271 706 4320 ioca
726 4269 739 4339 Η
759 4274 831 4337 plus.
852 4271 865 4340 Η
886 4275 938 4324 424
949 4273 1015 4339 graii
1036 4268 1049 4340 ΙΙ
1070 4272 1187 4320 42614111
1205 4266 1291 4336 cumi}

171 4360 322 4416 ,4281441111
342 4356 355 4426 Η
375 4356 548 4410 4401411441
