3240 5010
335 364 394 428 198
885 353 911 416 V

335 527 477 594 horribili
500 526 606 593 sonitu
629 523 728 589 silvas
753 523 907 589 exederat
928 523 1002 589 altis

336 643 377 707 ab
401 641 564 707 radicibus
588 645 619 705 et
640 645 755 704 terrem
778 646 966 724 percoxerat
987 638 1074 723 igni,

252 777 318 824 2222
337 757 488 821 manabat
510 755 600 820 venis
622 753 821 820 ferventibus
843 754 876 818 in
899 753 971 820 loca
994 761 1100 820 terrae

337 891 479 938 concava
502 869 696 936 conveniens
719 869 845 950 argenti
866 869 951 934 rivus
974 875 1006 934 et
1028 871 1119 945 auri,

338 987 423 1052 aeris
445 989 519 1051 item
543 993 574 1050 22
595 984 737 1070 plumbi.
755 1001 838 1066 quae
862 1002 934 1048 cum
956 991 1106 1049 concreta
1128 985 1283 1051 videbant

339 1103 498 1188 posterius
522 1101 609 1166 claro
633 1100 666 1164 in
689 1106 773 1164 terra
796 1097 968 1183 splendere
992 1100 1119 1182 colore,

336 1217 492 1281 tollebant
515 1215 614 1279 nitido
638 1214 721 1299 capti
744 1215 871 1296 levique
893 1214 1026 1298 lepore,

255 1354 321 1400 2222
338 1340 369 1398 22
392 1332 486 1396 simili
510 1331 643 1395 formata
666 1328 819 1394 ridebant
841 1346 913 1392 esse
936 1327 1036 1411 ligura

338 1455 433 1529 atque
456 1447 643 1511 lacunarum
666 1444 789 1508 fuerant
811 1443 947 1526 vestigia
970 1445 1105 1528 cuique.

339 1571 404 1626 tum
427 1562 619 1646 penetrabat
642 1579 699 1626 eor
721 1580 818 1645 posse
840 1559 920 1624 haec
942 1559 1120 1640 liquefacta
1142 1560 1249 1625 calore

339 1697 434 1758 quam
456 1677 536 1740 libet
557 1675 590 1738 in
614 1675 752 1740 formam
775 1682 806 1740 et
828 1673 945 1740 faciem
968 1675 1134 1740 decurrere
1157 1692 1283 1757 rerum,

339 1797 371 1856 et
393 1811 538 1875 prorsum
562 1790 710 1872 quamvis
731 1790 765 1852 in
786 1795 881 1854 acuta
903 1809 942 1854 ac
965 1790 1074 1854 tenvia
1096 1807 1194 1872 posse

232 1926 322 2006 ‘racc
340 1925 524 1970 mucronum
549 1904 622 1968 duci
644 1902 777 1985 fastigia
798 1903 1028 1988 procedendo,

339 2027 373 2083 ut
395 2019 454 2084 sibi
478 2020 544 2084 tela
567 2019 702 2095 darent,
719 2018 883 2100 silvasque
905 2024 939 2082 ut
961 2019 1097 2084 caedere
1122 2026 1255 2102 possent

340 2137 569 2217 materiemque
592 2135 707 2217 domo,
723 2134 833 2198 levare
856 2153 896 2200 ac
917 2132 1033 2198 radere
1056 2133 1144 2217 tigna

340 2259 371 2316 et
391 2250 553 2314 terebrare
575 2250 673 2314 etiam
695 2269 734 2314 ac
755 2249 945 2332 pertundere
968 2268 1089 2334 perque
1112 2249 1241 2316 forare.

341 2385 400 2430 nec
423 2365 526 2429 minus
549 2369 684 2446 argento
705 2363 810 2429 facere
832 2362 914 2430 haec
936 2383 1078 2445 auroque
1100 2365 1259 2449 parabant

258 2502 324 2548 1270
341 2501 436 2563 quam
459 2478 557 2543 validi
580 2480 717 2565 primum
738 2479 888 2546 violentis
909 2479 1029 2544 viribus
1052 2480 1157 2554 aeris,

341 2615 382 2661 ue
405 2597 577 2678 quiquam,
594 2596 746 2678 quoniam
770 2595 905 2662 cedebat
926 2596 1011 2662 victa
1033 2603 1175 2682 potestas

340 2732 399 2776 nec
419 2717 547 2798 poterat
568 2712 689 2798 pariter
711 2712 825 2776 durum
848 2712 981 2778 sufferre
1003 2712 1168 2778 laborem.

341 2834 408 2890 tum
432 2825 491 2890 luit
513 2827 544 2892 in
567 2827 672 2911 pretio
694 2828 799 2912 magis
822 2846 878 2892 aes
891 2877 899 2902 ,
914 2846 1092 2908 aurumque
1115 2826 1241 2892 iacebat

341 2948 471 3025 propter
492 2942 692 3008 inutilitatem
716 2945 823 3010 hebeti
846 2963 997 3010 mucrone
1019 2950 1182 3009 retusum:

259 3078 326 3125 2222
343 3076 428 3121 2222
450 3055 535 3121 12222
557 3076 635 3141 aes,
651 3077 762 3124 aurum
785 3059 818 3122 in
841 3079 998 3124 summum
1021 3059 1175 3123 successit
1197 3059 1370 3125 bonorem.

342 3173 389 3238 sic
409 3170 569 3239 volvenda
591 3179 682 3238 aetas
706 3180 877 3238 commutat
898 3181 1043 3258 tempora
1065 3157 1193 3238 rerumss

345 3289 430 3370 quod
453 3287 512 3352 fuit
533 3287 567 3351 in
589 3287 711 3371 pretio,
728 3288 763 3352 fit
783 3289 871 3352 nullo
894 3288 1033 3370 denique
1054 3287 1196 3354 honore:

341 3424 436 3488 porro
460 3402 541 3467 aliut
562 3402 707 3468 succedit
729 3407 801 3477 ete
824 3403 1055 3487 contemptibus
1078 3403 1162 3480 exit,

341 3518 438 3601 inque
461 3517 531 3582 dies
553 3517 658 3598 magis
682 3516 844 3602 adpetitur
865 3516 1019 3600 floretque
1040 3525 1200 3603 repertum

260 3651 328 3698 2222
345 3632 494 3698 laudibus
518 3637 549 3695 22
571 3633 650 3696 miro
673 3636 722 3696 cst
744 3631 890 3698 mortalis
912 3633 995 3698 inter
1017 3633 1158 3698 honore.
1229 3719 1232 3724 Ι

381 3748 474 3814 Nunc
496 3746 553 3811 tibi
576 3767 638 3829 quo
661 3754 756 3831 pacto
779 3747 854 3812 ferri
879 3754 992 3812 natura
1013 3752 1140 3830 reperta

343 3861 384 3926 sit
405 3860 533 3928 facilest
553 3863 614 3945 ipsi
636 3868 748 3947 perte
770 3879 988 3945 cognoscere,
1004 3860 1151 3927 Memmi.

342 4045 542 4053 -.—.-..-——.

347 4165 413 4214 1253
432 4164 530 4212 sonitus
551 4160 563 4229 ΙΙ
586 4165 652 4212 1254
670 4163 694 4212 Α
716 4159 818 4242 Ι111255
838 4166 905 4215 veuit
926 4165 938 4232 ll
961 4169 1027 4218 1258
1047 4175 1125 4216 terres
1146 4163 1158 4232 ΙΙ
1181 4168 1247 4214 1259
1267 4168 1345 4232 capiti
1366 4166 1379 4236 ΙΙ
1402 4172 1468 4220 1260

345 4251 447 4300 videbat
471 4251 484 4316 Η
513 4253 578 4300 1266
598 4261 687 4314 parent
707 4249 719 4319 ll
740 4261 765 4301 et
785 4250 798 4318 ΙΙ
818 4254 930 4316 possint.
952 4251 964 4322 ll
988 4257 1053 4304 1261
1074 4254 1172 4304 dolaret
1190 4254 1273 4304 levare
1297 4252 1310 4323 Η
1337 4259 1404 4308 1212
1424 4271 1468 4321 po·

344 4347 427 4387 terant
447 4337 460 4404 Η
482 4337 678 4386 1213Ν222121
693 4337 706 4404 ll
720 4354 762 4388 aes
775 4342 914 4391 omissum.
930 4338 943 4408 ll
960 4343 1026 4392 1218
1040 4356 1053 4390 2
1066 4342 1205 4392 omissum.
1220 4341 1233 4408 ll
1250 4344 1316 4392 1280
1329 4343 1468 4397 claudibus
