3266 4994
349 355 390 420 96
893 351 939 414 III

350 521 469 586 addere
492 521 575 585 enim
598 520 699 603 partis
722 525 776 584 aut
798 519 909 584 ordine
931 519 1085 585 traiecere
1109 527 1253 588 aecumst

351 641 406 698 aut
428 634 548 716 aliquid
570 655 697 718 prosum
722 634 762 698 de
785 654 908 698 summa
930 635 1097 700 detrahere
1120 635 1238 714 hilum,

275 770 324 818 515
350 756 545 815 commutare
567 749 706 812 animum
730 749 783 831 qui
806 768 939 830 cumque
961 749 1105 813 adoritur
1126 756 1158 814 et
1180 751 1247 814 infit

350 869 405 929 ant
426 864 523 928 aliam
546 863 691 944 quamvis
713 869 861 926 naturam
883 862 1009 927 flectere
1034 865 1177 946 quaerit.

351 986 384 1043 at
404 998 508 1060 neque
532 976 696 1042 transferri
719 978 779 1042 sibi
801 977 903 1062 partis
925 997 986 1042 nec
1008 978 1104 1044 t1ibui
1127 981 1192 1045 vult

349 1093 518 1158 inmortale
542 1093 627 1173 quod
650 1097 698 1157 est
721 1091 889 1172 quicquam
912 1111 1014 1174 neque
1037 1093 1176 1158 defluere
1198 1093 1316 1160 hilum:

348 1228 422 1271 nam
446 1207 531 1289 quod
554 1226 688 1288 cumque
711 1206 777 1270 5515
799 1211 953 1270 mutatum
976 1207 1092 1272 finibus
1115 1207 1199 1287 exit,

275 1341 325 1387 520
351 1321 499 1385 continuo
523 1321 583 1385 hoc
604 1341 689 1385 mors
712 1327 761 1386 est
783 1321 867 1385 illius
890 1321 976 1403 qnod
999 1320 1058 1384 fuit
1079 1329 1173 1403 ante.

350 1455 427 1520 ergo
450 1435 573 1501 animus
595 1438 662 1501 sive
686 1437 862 1519 aegrescit,
878 1435 1028 1501 mortalia
1050 1438 1143 1518 signa

350 1549 462 1626 mittit,
480 1549 524 1612 uti
548 1549 662 1627 docui,
679 1572 735 1615 seu
756 1549 890 1615 flectitur
913 1571 933 1614 a
957 1552 1135 1616 medicina.

351 1683 453 1745 usque
476 1663 558 1728 adeo
580 1664 683 1729 falsae
703 1665 819 1729 rationi
841 1685 917 1729 vera
939 1665 1063 1730 videtur
1128 1748 1130 1752 .

351 1798 402 1841 res
426 1798 590 1844 decurrere
613 1785 644 1843 et
666 1780 817 1864 effugium
839 1779 1046 1864 praecludere
1070 1780 1174 1863 eunti,

276 1913 326 1958 555
352 1891 548 1976 ancipitique
570 1894 708 1959 refirtutu
729 1895 916 1959 convincere
939 1893 1075 1958 salsum.

389 2007 535 2089 Denique
557 2030 656 2093 saepe
678 2007 839 2073 hominem
861 2007 1013 2091 paulatim
1037 2008 1193 2074 cernimus
1214 2008 1261 2073 ire

350 2127 382 2185 et
403 2123 604 2186 membratim
625 2124 755 2188 vitalem
779 2121 956 2206 deperdere
980 2143 1128 2202 sensum;

350 2236 383 2298 in
404 2234 541 2317 pedibus
564 2237 699 2321 primum
723 2237 839 2316 digitos
861 2236 1018 2302 livescere
1042 2244 1073 2303 55
1094 2239 1231 2320 unguiS,

350 2349 427 2414 inde
449 2349 551 2432 pedes
574 2357 605 2416 55
627 2372 719 2416 crura
742 2353 840 2431 mori,
856 2359 931 2437 post
951 2352 1026 2418 inde
1048 2373 1105 2436 per
1128 2358 1216 2418 artus

277 2484 327 2531 555
351 2463 398 2527 ire
420 2463 502 2527 alios
524 2465 649 2529 tractim
672 2467 771 2547 gelidi
794 2467 928 2552 vestigia
952 2467 1025 2531 leti.

351 2577 505 2642 scinditur
527 2599 626 2660 usque
649 2579 731 2646 adeo
756 2581 835 2647 haec
858 2583 1008 2663 quoniam
1031 2587 1145 2646 natura
1167 2598 1227 2645 nec
1248 2601 1311 2645 uno

348 2697 492 2774 tempore
514 2692 639 2757 sincera
661 2695 787 2779 existit,
805 2697 947 2761 mortalis
966 2696 1165 2762 habendast.

351 2805 436 2886 quod
459 2806 486 2869 si
509 2806 591 2870 sorte
613 2813 707 2890 putas
731 2809 833 2893 ipsam
856 2829 891 2874 55
913 2830 1009 2894 posse
1032 2831 1089 2894 per
1112 2815 1198 2873 artus

349 2919 502 2984 introsum
525 2922 651 2987 trahere
674 2929 705 2988 et
727 2925 826 3007 partis
849 2924 1026 2989 conducere
1048 2925 1081 2987 in
1103 2944 1200 2986 unum

275 3053 324 3099 535
349 3039 446 3114 atque
469 3033 541 3098 idco
565 3037 685 3102 cunctis
709 3058 833 3104 sensum
859 3039 1017 3103 deducere
1041 3037 1209 3121 membris,

350 3154 384 3211 at
406 3148 494 3213 locus
516 3148 570 3213 ille
594 3156 721 3231 tamen,
738 3172 799 3233 quo
824 3154 917 3237 copia
939 3159 1028 3216 tanta
1050 3150 1171 3215 animai

350 3262 491 3345 cogitur,
506 3263 539 3326 in
563 3283 660 3329 sensu
683 3265 777 3332 debet
799 3270 921 3333 maiore
942 3265 1066 3344 videri;

350 3376 404 3457 qui
427 3379 577 3457 quoniam
601 3389 807 3465 nusquamst,
824 3383 856 3446 51
879 3383 1010 3458 mirum,
1027 3386 1061 3443 ut
1082 3379 1219 3443 diximus
1241 3386 1336 3463 ante,

350 3489 505 3610 dilapiata
526 3490 614 3557 foras
637 3495 851 3580 dispargitur,
868 3495 974 3560 interit
996 3514 1095 3576 ergo.

275 3622 325 3668 540
350 3604 427 3684 quin
450 3606 545 3670 etiam
567 3608 593 3672 51
615 3608 680 3672 iam
703 3609 802 3674 libeat
825 3607 1000 3674 concedere
1026 3606 1163 3689 falsum,

350 3724 382 3784 et
404 3718 482 3784 dare
504 3742 599 3805 posse
622 3722 764 3786 animam
786 3701 959 3802 glomerari
981 3722 1168 3806 incorpore
1189 3742 1318 3806 eornm,

301 3877 309 3900 t
350 3833 470 3898 lumina
493 3836 547 3917 qui
570 3836 691 3900 lincunt
712 3835 892 3899 moribundi
914 3836 1146 3921 particulatim,

349 3950 517 4014 mortalem
541 3955 647 4014 tamen
670 3967 742 4013 esse
764 3949 905 4013 animam
927 3951 1051 4017 fateare
1074 3970 1226 4034 neeesse,

352 4218 402 4263 522
422 4212 512 4263 deocui
533 4212 546 4280 ΙΙ
567 4215 617 4263 523
637 4212 742 4263 rationis
762 4212 775 4282 ll
796 4217 846 4265 525
866 4217 990 4266 refutetur
1015 4215 1028 4286 Η
1053 4221 1101 4268 5³1
1122 4227 1197 4280 atque
1216 4218 1302 4266 auimo
1327 4215 1340 4285 ΙΙ
1366 4219 1416 4266 535
1437 4218 1474 4266 di·

354 4303 445 4350 ducere
465 4298 479 4366 Η
500 4302 550 4349 538
569 4310 627 4350 untc
646 4302 785 4353 5551555555.
