3240 5010
341 391 412 454 2281
887 381 928 447 Vl

267 577 317 623 cre
343 555 396 636 qui
421 576 484 620 uon
507 560 582 618 ante
605 554 744 635 aliquem
768 553 920 618 maiorem
944 553 1043 630 vidit,
1060 560 1093 618 et
1114 552 1229 636 iugens

344 670 439 735 arbor
462 671 620 750 homoque
643 668 788 745 videtur,
806 674 837 734 et
859 668 968 732 omnia
989 667 1031 733 de
1053 688 1173 754 genere
1197 671 1283 734 omui

343 785 485 848 maxima
508 803 589 864 quae
611 781 690 846 vidit
713 784 868 866 quisque,
886 784 967 848 haee
989 785 1132 864 ingentia
1155 783 1264 867 fingit,

344 919 413 963 cunr
437 904 544 962 tamen
569 898 676 962 omnia
699 917 770 962 cum
793 899 884 963 caelo
908 905 1056 980 terraque
1079 899 1225 980 marique

343 1013 386 1076 nil
410 1013 474 1077 sint
496 1013 536 1076 ad
560 1033 714 1078 summam
738 1015 871 1078 summai
896 1014 992 1078 totius
1016 1034 1162 1078 omnem.

269 1151 319 1196 ouo
386 1128 479 1192 Nunc
501 1134 606 1192 tameo
630 1126 688 1190 illa
710 1128 814 1192 modis
838 1129 953 1210 quibus
976 1129 1105 1193 inritata
1127 1137 1259 1215 repente

342 1243 470 1307 flamma
493 1243 583 1308 foras
605 1242 705 1306 vastis
727 1244 852 1307 Aetnae
874 1243 1061 1309 fornacibus
1084 1245 1189 1328 efflet,

345 1357 536 1441 expediam.
553 1357 687 1440 primum
710 1358 805 1422 totins
828 1358 972 1423 subcava
995 1360 1111 1424 montis

345 1477 393 1536 est
416 1478 550 1555 nature,
567 1471 635 1536 fere
659 1471 782 1536 silicum
807 1471 937 1536 suffulta
960 1474 1127 1540 cavernis.

344 1588 491 1652 omnibus
515 1593 561 1650 est
584 1607 679 1671 porro
702 1587 735 1650 in
758 1587 920 1671 speluncis
942 1595 1054 1653 ventus
1076 1597 1108 1652 et
1130 1597 1205 1654 ae'r.

270 1725 319 1770 oso
344 1708 457 1767 ventus
481 1702 565 1765 enim
588 1702 643 1784 fit,
659 1702 712 1766 ubi
736 1708 784 1766 est
806 1701 959 1784 agitando
983 1704 1121 1786 percitus
1144 1712 1220 1770 adr:

296 1877 298 1880 .
346 1817 397 1881 hic
419 1818 474 1881 ubi
496 1816 651 1900 percaluit
674 1817 742 1882 cale
765 1817 905 1900 fecitque
928 1820 1037 1883 onmia
1060 1821 1175 1885 circum

345 1953 426 1996 saxa
448 1931 578 2006 iurene,
596 1951 661 2014 qua
684 1932 857 2015 contingit,
874 1939 1074 2014 terramque,
1092 1942 1122 1996 et
1145 1936 1187 2000 ab
1211 1936 1284 2000 ollis

345 2046 485 2112 excussit
508 2046 644 2110 calidum
669 2046 802 2111 flammis
825 2046 990 2111 velocibus
1012 2047 1141 2126 ignem,

344 2162 427 2225 tollit
449 2181 484 2226 se
507 2180 547 2225 ac
570 2161 664 2226 rectis
686 2160 733 2223 ita
754 2158 900 2224 saucibus
923 2159 997 2224 eicit
1018 2160 1102 2226 alte.
1127 2150 1133 2155 ’

270 2299 320 2345 cuo
346 2276 405 2342 fert
427 2277 537 2357 itaque
561 2277 708 2340 ardorem
731 2273 846 2357 longe,
863 2274 1024 2358 longeque
1048 2275 1192 2342 favillam

345 2392 470 2469 differt,
488 2397 519 2455 et
541 2411 652 2456 crassa
675 2389 774 2454 volvit
796 2389 936 2472 caligine
958 2390 1098 2475 fumum,

345 2507 548 2588 extruditque
571 2506 665 2571 simul
688 2505 834 2570 mirando
856 2506 1000 2590 pondere
1023 2527 1125 2591 saxa3

345 2642 384 2684 ne
408 2621 534 2685 dubites
558 2622 635 2702 quin
658 2621 736 2685 haec
758 2620 878 2685 animai
900 2621 1028 2684 turbida
1049 2622 1090 2686 sit
1112 2622 1181 2688 vis.

344 2744 513 2822 praeterea
534 2757 652 2819 magna
676 2737 820 2820 experti
844 2756 930 2800 mare
953 2738 1068 2801 montis
1091 2738 1132 2801 ad
1155 2738 1224 2804 eius

271 2875 320 2922 coe
346 2853 473 2918 radices
495 2851 614 2934 frangit
635 2851 749 2916 fluctus
773 2858 961 2933 aestumque
983 2853 1147 2917 resorbet.

346 2989 385 3031 ex
408 2968 591 3050 hocusque
615 2967 694 3030 mari
718 2967 890 3048 speluncae
913 2967 1030 3032 montis
1053 2968 1095 3032 ad
1119 2970 1209 3034 altas

344 3084 532 3167 perveniunt
555 3083 663 3146 subter
685 3081 815 3144 fauces.
832 3079 893 3143 hac
915 3079 961 3142 ire
984 3079 1179 3146 fatendumst

346 3203 378 3263 et
400 3193 688 3288 penetrare'maris
710 3193 839 3277 penitus
860 3200 1011 3277 percocta
1033 3195 1065 3258 iu
1088 3204 1232 3281 apertum

346 3318 444 3392 atque
467 3309 578 3373 efflare
601 3307 708 3386 foras,
724 3308 861 3391 ideoque
885 3310 1037 3376 extollere
1059 3310 1222 3378 flammam

272 3447 321 3493 roo
346 3443 489 3504 saxaque
512 3424 691 3490 subiectare
714 3429 746 3489 et
767 3443 885 3489 arenae
906 3424 1019 3490 tollere
1042 3426 1186 3492 nimbos.

346 3540 378 3602 in
403 3560 525 3604 summo
548 3546 621 3604 sunt
642 3539 762 3605 vertice
785 3540 870 3604 enirn
892 3547 1052 3626 crateres,
1068 3549 1102 3606 ut
1124 3543 1184 3628 ipsi

345 3654 556 3732 nominitant3
572 3676 632 3720 nos
655 3653 742 3736 quod
764 3652 877 3720 fauces
899 3655 1104 3738 perhibemus
1126 3665 1159 3722 et
1181 3677 1259 3724 ora.

385 3769 466 3834 Sunt
488 3770 609 3852 aliquot
631 3789 757 3852 quoque
780 3790 831 3834 res
855 3791 987 3851 quarum
1011 3790 1108 3834 unam
1133 3773 1238 3838 dicere
1261 3795 1391 3842 causam

348 3903 413 3948 non
435 3884 514 3948 satis
538 3891 606 3964 est,
622 3904 730 3950 verum
754 3884 874 3970 pluris,
891 3885 976 3948 unde
997 3871 1061 3949 una
1083 3893 1189 3952 tamen
1212 3889 1272 3972 sit;

273 4018 322 4066 roo
348 4017 463 4081 corpus
485 4005 519 4063 ut
542 4000 733 4065 exanimum.
747 3997 863 4082 siquod
885 3999 998 4083 procul
1020 3999 1089 4084 ipse
1111 4000 1217 4068 iacere

346 4173 547 4182 Μ

349 4277 399 4323 676
419 4275 518 4324 omnis.
540 4274 552 4342 ll
574 4277 623 4324 683
643 4274 754 4322 uillicum
777 4269 791 4342 ΙΙ
815 4277 864 4324 687
885 4275 993 4339 contigit
1013 4275 1027 4342 ll
1047 4280 1098 4327 690
1116 4279 1185 4340 itque
1206 4275 1219 4344 Η
1240 4281 1289 4329 690
1309 4282 1433 4331 resolvet.
1453 4281 1466 4350 Η

349 4363 399 4410 698
416 4363 481 4412 mari
499 4362 599 4425 penitus
618 4376 656 4410 res
675 4361 745 4424 cogit
764 4371 868 4426 aperto.
890 4361 902 4430 Η
925 4367 971 4414 701
993 4366 1114 4416 verticeui
1134 4364 1148 4433 ll
1170 4369 1219 4417 705
1239 4365 1349 4418 iaceret.
