3236 5020
115 583 246 645 corpore
269 562 447 627 seiunetum
470 563 690 636 secretumque
714 574 784 620 esse
808 557 848 619 ab
870 556 977 631 inani,

115 677 199 758 quod
223 676 314 758 quasi
335 673 429 738 tertia
452 672 492 736 sit
514 691 646 734 0000000
670 675 783 732 natura
804 675 951 751 reperta.

113 811 187 855 nam
212 791 297 871 quod
320 805 455 868 eumque
479 785 558 861 erit,
583 803 654 850 0000
677 783 799 865 aliquid
821 782 951 848 debebit
972 782 1004 844 id
1029 784 1155 865 ipsum:

40 926 88 971 435
115 905 166 970 eui
190 904 216 968 si
239 910 343 967 taetus
365 902 425 965 erit
447 899 590 980 quamvis
613 898 692 963 levis
715 899 932 981 exiguusque,

39 1039 89 1085 434
115 1016 268 1098 augmine
291 1015 342 1078 vel
364 1013 477 1096 grandi
499 1014 549 1078 vel
574 1033 674 1094 parvo
699 1011 858 1092 denique,
882 1011 957 1073 dum
981 1011 1041 1086 sit,

39 1153 89 1198 430
116 1131 260 1213 eorporis
283 1127 413 1210 augebit
435 1146 598 1192 numerum
622 1145 841 1206 summamque
865 1132 1035 1206 sequetur:

117 1245 167 1309 sin
190 1242 332 1307 intactile
357 1243 434 1319 erit,
458 1242 547 1306 nulla
569 1240 609 1306 de
633 1247 722 1323 parte
746 1241 833 1322 quod
855 1241 953 1304 ullam

116 1377 181 1422 rem
205 1356 375 1440 prohibere
398 1362 495 1436 queat
516 1377 573 1440 per
596 1375 631 1421 se
653 1355 810 1419 transsire
832 1352 1011 1438 meantem,

116 1472 254 1553 scilieet,
278 1471 338 1535 hoe
360 1469 394 1534 id
418 1471 495 1546 erit,
519 1491 654 1535 vanuum
679 1469 764 1550 quod
788 1470 886 1534 inane
910 1487 1080 1533 vocamus.
1121 1491 1129 1510 ν

40 1605 92 1650 440
118 1590 283 1667 praeterea
307 1603 421 1667 perse
446 1583 532 1665 quod
554 1603 689 1662 cumque
711 1585 789 1666 erit,
814 1589 869 1648 aut
894 1582 990 1648 saeiet
1013 1582 1089 1663 quid

117 1704 174 1762 aut
195 1698 267 1762 aliis
290 1697 382 1778 fungi
405 1697 534 1762 debebit
557 1697 723 1780 agentibus
746 1697 869 1782 ipsum,

119 1818 176 1875 aut
197 1811 257 1875 erit
278 1818 312 1875 ut
334 1813 456 1894 possint
470 1801 512 1904 'in
534 1832 571 1876 00
594 1832 645 1876 res
669 1831 741 1877 esse
764 1812 917 1894 gerique‘:

117 1931 151 1988 at
173 1924 279 1990 faeere
302 1932 333 1989 00
355 1924 445 2010 fungi
468 1929 537 1990 sine
561 1945 693 2009 corpure
716 1927 806 1991 nulla
827 1932 933 2009 petest
958 1947 1032 2012 res,

116 2059 177 2104 nec
198 2039 353 2122 praebere
377 2041 481 2105 locum
505 2061 599 2123 porro
622 2042 684 2106 nisi
707 2042 802 2106 inane
824 2061 1026 2123 vaeausque.

41 2174 90 2219 445
119 2173 218 2235 ergo,
241 2161 367 2237 praeter
388 2155 485 2220 inane
510 2161 540 2220 00
563 2177 717 2239 corpora,
740 2156 832 2220 tertia
854 2177 912 2240 per
935 2177 969 2221 se

117 2268 208 2333 nulla
229 2276 336 2351 potest
358 2289 459 2332 rerum
483 2269 516 2334 in
537 2291 672 2335 numero
695 2277 808 2334 natura
830 2271 986 2354 relinqui,

119 2402 178 2447 000
201 2402 284 2463 qnae
307 2383 366 2448 sub
389 2403 502 2448 sensus
527 2385 623 2449 eadat
646 2385 711 2448 ullo
735 2391 877 2468 tempere
900 2393 1046 2463 nostros,

119 2498 323 2562 uectatione
347 2491 442 2561 animi
466 2519 561 2578 quam
585 2500 754 2579 quisquam
777 2501 879 2582 possit
901 2500 1024 2582 apisei.

162 2613 245 2676 Nam
269 2632 352 2693 quae
376 2631 510 2691 eumque
534 2612 662 2688 eluent,
686 2617 740 2674 ant
763 2613 811 2675 his
836 2613 1006 2676 eoniuueta
1028 2613 1153 2677 duabus

41 2747 92 2792 450
120 2726 216 2790 rebus
239 2747 279 2790 ea
301 2726 445 2788 invenies
469 2725 659 2788 authorum
683 2731 795 2788 eventa
817 2725 962 2790 videbis.

118 2841 321 2906 coniunctum
346 2846 394 2904 est
416 2838 449 2902 id
473 2837 559 2918 quod
582 2858 738 2920 nusquam
763 2839 833 2903 sine
855 2840 1022 2922 perniciali
1048 2846 1051 2852 '

119 2954 255 3020 discidio
278 2955 361 3038 potis
385 2958 434 3018 est
456 2951 579 3034 seiungi
604 2973 703 3034 seque
726 2955 875 3036 gregati,

120 3069 246 3152 pondus
269 3069 316 3132 uti
338 3068 458 3144 saxist,
481 3067 568 3132 001οι·
591 3068 695 3151 ignis,
718 3069 823 3150 liquor
846 3070 962 3150 aquai,

42 3205 92 3250 455
121 3183 284 3247 servitium
309 3190 438 3280 eontra,
462 3189 656 3266 paupertas,
681 3183 895 3266 divitiaeque,

121 3297 272 3373 libertas,
296 3297 434 3372 bellum,
459 3297 649 3379 eoncordia,
674 3305 783 3362 uetera
805 3309 937 3378 quorum

121 3410 260 3476 adventu
284 3417 390 3476 manet
412 3411 581 3475 incolumis
604 3417 720 3474 natura
742 3411 916 3493 abituque,

120 3525 202 3589 haee
224 3524 308 3590 soliti
332 3545 461 3607 sumus,
485 3530 519 3588 00
541 3547 599 3608 par
622 3530 691 3602 est,
716 3530 830 3591 eventa
851 3543 988 3588 000000.

120 3647 246 3723 tempus
267 3640 342 3703 item
364 3661 421 3724 per
443 3660 478 3706 se
502 3661 565 3704 000
589 3633 656 3723 000,
682 3639 739 3704 sed
761 3640 858 3704 rebus
881 3639 921 3704 ab
944 3640 1022 3723 ipsis

43 3773 96 3818 400
124 3753 327 3834 consequitur
349 3773 482 3830 sensus,
506 3759 701 3819 transactum
727 3753 801 3834 quid
825 3755 865 3818 sit
887 3755 919 3819 in
940 3774 1040 3837 aevo,

121 3873 185 3930 tum
210 3887 367 3949 quae-res
389 3867 504 3943 instet,
529 3871 605 3948 quid
627 3888 723 3953 porro
748 3868 866 3934 deinde
888 3875 1060 3950 sequatur:

125 4048 247 4056 -ψ-ο
251 4051 325 4058 ..ψ-,-

124 4167 175 4214 438
195 4174 305 4216 00000000
326 4165 339 4233 Η
364 4171 413 4216 442
434 4175 538 4231 possunt
558 4162 571 4234 Η
596 4171 646 4216 449
668 4171 749 4218 eiveut
769 4169 782 4239 Η
807 4171 944 4220 coniuncto
958 4171 1063 4219 duobus.
1085 4170 1098 4237 Η
1123 4173 1171 4219 451
1192 4187 1247 4234 pei·-

124 4251 234 4302 mitinli.
261 4252 273 4322 Η
300 4257 349 4304 452
369 4255 502 4319 greagnri.
530 4250 542 4322 Η
567 4256 618 4303 453
638 4257 707 4303 saxis
728 4253 740 4322 Η
760 4274 856 4320 equae.
878 4255 891 4326 Η
915 4261 966 4306 454
986 4259 1080 4306 'Paetus
1099 4258 1248 4320 corporibus

125 4343 222 4389 cunctis
243 4343 350 4390 intactus
369 4344 456 4392 inani.
483 4339 497 4409 Η
522 4343 573 4390 455
593 4342 742 4402 diviaeque.
769 4342 782 4411 Η
806 4348 856 4394 458
876 4355 964 4393 evento

1027 4445 1047 4508 2
