3240 5010
345 383 407 448 ‘238
445 345 448 350 ’
887 379 930 442 rr

343 552 426 634 iguis
449 552 523 614 item
546 549 701 630 liquidnm
724 550 803 616 facit
824 571 880 616 aas
903 570 1079 632 aurumque
1101 551 1252 635 resolvit,

345 673 379 732 at
402 667 489 730 coria
512 673 543 730 ct
565 685 693 729 carnem
718 667 816 730 trahit
838 671 869 728 et
892 666 1040 730 conducit
1061 666 1094 728 in
1117 687 1235 730 unum.

345 801 434 844 umor
457 800 562 860 aquae
585 801 679 864 porro
704 779 821 843 ferrum
845 780 999 844 condurat
1021 781 1062 844 ab
1086 780 1172 864 igni,

344 902 377 958 at
399 895 486 958 coria
509 900 541 958 et
562 914 687 958 carnem
712 893 813 958 mollit
835 893 950 956 durata
972 894 1100 958 calore.

270 1031 320 1078 970
345 1010 531 1094 barbigeras
555 1010 694 1074 oleaster
717 1029 754 1074 eo
778 1009 992 1089 iuratusque
1016 1009 1181 1092 capellae,

241 1175 245 1184 .
344 1124 456 1188 effluat
478 1124 658 1189 ambrosiae
682 1125 774 1205 quasi
798 1141 873 1187 vere
897 1131 928 1186 et
950 1125 1079 1188 nectari'
1101 1124 1235 1206 linctns3

343 1259 409 1322 qna
432 1240 476 1302 nil
500 1244 549 1303 est
571 1238 693 1302 homini
716 1237 801 1319 quod
825 1237 956 1302 amarin'
979 1237 1130 1303 frondeat
1153 1256 1248 1302 esca.

342 1353 480 1435 denique
504 1352 720 1417 amaracinum
745 1352 861 1435 fugitat
884 1373 938 1416 sus
962 1360 993 1416 et
1014 1353 1104 1417 brnet
1127 1372 1220 1418 omne
1251 1425 1258 1444 ¹

343 1474 538 1548 ungentum:
557 1489 632 1531 nam
655 1469 823 1552 saetigeris
845 1468 945 1532 subus
968 1487 1042 1531 acre
1065 1472 1271 1544 venenumst;

269 1603 319 1649 999
346 1582 431 1664 quod
454 1605 513 1646 nos
535 1584 616 1647 inter
639 1583 713 1646 dnnr
737 1590 803 1647 tam
828 1603 923 1666 quam
946 1603 1093 1648 recreare
1116 1581 1261 1646 videtur.

344 1705 379 1761 at
401 1705 510 1762 contra
533 1697 626 1760 nobis
650 1715 783 1761 caenum
806 1699 990 1763 taeterrima
1013 1718 1082 1763 cunr
1107 1697 1147 1761 sit

345 1812 530 1894 spurcities,
548 1811 662 1874 eadem
685 1811 785 1875 subus
807 1811 890 1876 haec
911 1813 1052 1876 iucunda
1074 1812 1219 1887 videtur,

342 1924 566 1988 insatiabiliter
588 1925 646 1999 toti
668 1932 704 1988 ut
726 1926 894 1990 volvantur
916 1926 1056 1990 ibidem.

384 2039 453 2103 Hoc
475 2039 571 2103 etiam
595 2059 691 2123 snper
714 2047 781 2115 est,
796 2039 869 2123 ipsa
893 2061 986 2122 quam
1011 2040 1118 2104 dicere
1141 2038 1182 2104 de
1205 2059 1241 2104 ra

268 2175 319 2222 aso
345 2153 517 2236 adgredior
540 2154 624 2235 quod
648 2153 817 2218 dicendum
840 2156 928 2238 prins
951 2176 1023 2221 esse
1047 2153 1189 2219 videtur.

342 2268 442 2331 multa
464 2266 624 2331 foramina
647 2288 717 2332 cum
739 2269 838 2334 variis
860 2271 924 2335 sint
945 2270 1071 2335 reddita
1094 2271 1210 2350 rebus,

343 2381 489 2446 dissimili
511 2382 593 2446 inter
616 2403 651 2446 se
674 2389 788 2447 natura
810 2385 956 2466 praedita
979 2386 1099 2451 debent

343 2516 415 2562 esse
438 2504 469 2560 et
490 2497 608 2562 habere
631 2519 722 2562 suam
745 2505 890 2563 naturam
915 2519 1063 2581 quaeque
1086 2500 1240 2580 viasque.

343 2611 461 2696 quippe
484 2614 599 2678 etenim
622 2613 699 2677 varii
724 2633 837 2678 sensns
861 2615 1077 2679 animantibus
1100 2615 1226 2697 insunt,
1285 2620 1291 2628 '

267 2745 317 2792 985
344 2745 478 2806 quorum
502 2727 637 2809 quisquc
661 2749 750 2792 suam
772 2729 901 2812 proprie
923 2747 988 2790 rem
1012 2729 1148 2813 percipit
1168 2729 1200 2792 in
1224 2749 1281 2794 se:

343 2861 416 2904 nam
439 2849 609 2925 penetrare
632 2843 695 2907 alio
719 2843 841 2908 sonitus
865 2843 994 2923 alioque
1018 2861 1168 2926 saporem

342 2955 499 3019 cernimus
523 2976 541 3022 9
566 2957 669 3040 sucis,
687 2957 751 3021 alio
775 2957 896 3020 nidoris
920 2957 1055 3022 odores.

254 3088 314 3164 ἱ991
342 3074 512 3151 praeterea
535 3090 666 3135 manare
690 3070 782 3134 alind
802 3091 860 3155 per
882 3093 963 3136 saxa
984 3071 1131 3148 videtur,

341 3188 437 3264 atque
460 3184 549 3248 alind
573 3185 688 3266 lignis,
704 3187 790 3251 aliud
814 3187 948 3251 transire
972 3206 1029 3268 per
1051 3206 1183 3262 aurum,

342 3305 541 3381 argentoque
563 3299 649 3364 foras
672 3301 759 3365 aliud
781 3303 928 3382 vitroque
950 3319 1078 3364 meare:
1262 3293 1265 3298 ’

344 3434 416 3476 uam
439 3412 538 3504 fluore
561 3413 623 3478 hac
645 3417 790 3500 species,
807 3416 884 3478 illac
907 3415 994 3478 calor
1017 3414 1065 3479 ire
1087 3413 1233 3497 videtur,

267 3547 316 3594 995
342 3534 438 3608 atque
461 3529 532 3593 aliis
555 3529 635 3594 aliut
657 3530 748 3595 citius
771 3529 986 3595 transmittere
1009 3529 1143 3594 eadem.

342 3642 483 3720 scilicet,
500 3643 533 3706 id
558 3643 625 3708 lieri
648 3646 734 3726 cogit
755 3654 869 3709 natura
890 3644 1013 3708 riarum

344 3756 537 3822 multimodis
560 3759 708 3835 varians,
724 3765 759 3822 ut
779 3759 875 3843 paulo
899 3758 1094 3822 ostendimus
1118 3763 1213 3835 ante,

266 3889 317 3936 999
342 3877 473 3954 proptor
494 3871 681 3938 dissimilem
704 3879 851 3938 naturam
873 3879 1025 3954 textaque
1047 3890 1173 3936 rerum.

343 4057 544 4064 .—.—.-—

347 4175 397 4222 999
422 4174 518 4223 calori.
544 4171 557 4242 Η
585 4177 632 4224 971
659 4175 797 4224 ambrosias
822 4171 836 4242 ll
860 4191 919 4225 uero
945 4185 970 4225 et
993 4186 1095 4226 nectare
1117 4143 1227 4226 tinctus.
1253 4172 1268 4243 Η
1298 4179 1347 4225 972
1373 4178 1468 4227 menius

345 4260 465 4309 frondeac
485 4272 585 4311 exseet.
611 4259 624 4328 ΙΙ
650 4265 700 4310 973
723 4263 881 4312 maracinum
907 4260 921 4330 ΙΙ
947 4266 995 4312 977
1022 4263 1131 4312 cirunda
1157 4263 1170 4327 ΙΙ
1195 4265 1245 4312 986
1264 4263 1356 4326 aloque
1376 4260 1389 4334 Η
1415 4267 1467 4318 988

348 4350 498 4400 989--996
520 4351 586 4401 997,
609 4346 621 4419 Η
642 4351 689 4398 991
711 4350 829 4403 Praetura
847 4366 949 4401 munere
969 4347 982 4423 ΙΙ
1003 4353 1052 4400 992
1073 4350 1140 4421 ignis
