3266 4994
685 401 713 466 V

136 574 237 638 allata
259 578 356 655 atqua
380 571 467 637 auris
490 570 618 638 aliunde
641 571 765 636 obiecta
787 571 920 655 alienis,

135 688 194 753 sed
216 687 337 772 pariter
362 688 466 770 prima
488 693 641 770 concepta
664 685 705 750 ab
729 685 851 766 origiue
873 687 984 750 mundi

136 808 288 883 certaque
311 820 388 884 pars
411 800 499 884 eius,
517 801 609 883 quasi
631 801 725 866 nobis
747 801 911 883 membra,
927 799 1097 866 videntur.

66 937 110 982 555
133 922 304 1000 praeterea
331 913 444 996 grandi
467 914 585 978 tonitru
610 893 765 980 concussa
788 921 918 998 repente

134 1039 218 1094 terra
242 1050 340 1113 supra
363 1048 445 1110 quae
468 1047 503 1093 sc
526 1033 600 1092 sunt
621 1029 758 1094 concutit
780 1031 888 1094 omnia
909 1036 1017 1107 motu;

133 1143 219 1226 quod
241 1144 353 1209 facere
370 1143 448 1208 baut
470 1142 538 1207 ulla
559 1149 669 1226 posset
690 1143 835 1227 ratione,
853 1144 914 1208 nisi
937 1152 1022 1210 esset

133 1259 277 1341 partibus
300 1259 394 1324 555115
416 1258 525 1322 mundi
548 1258 703 1350 caeloque
725 1257 888 1322 revincta:

133 1393 208 1436 narn
232 1373 452 1438 communibus
474 1373 557 1438 inter
580 1393 613 1436 se
636 1371 797 1437 radicibus
819 1373 955 1438 haerent

65 1508 109 1554 555
135 1509 174 1552 ex
195 1489 324 1552 incunte
347 1507 426 1552 aevo
449 1487 617 1552 coniuncta
640 1492 736 1568 atque
758 1488 862 1552 uniter
885 1495 980 1571 apta.

135 1622 239 1668 nonne
263 1601 352 1666 vides
374 1601 469 1667 etiam
492 1621 587 1684 quarn
609 1621 725 1682 magno
748 1600 890 1684 pondere
911 1603 1005 1666 nobis

135 1719 290 1782 sustineat
312 1735 427 1801 corpus
451 1716 637 1781 tenuissima
658 1715 707 1778 vis
729 1715 848 1780 animai
1043 1782 1047 1788 ,

133 1838 302 1916 propterea
326 1832 402 1912 quia
423 1837 490 1896 tam
512 1830 681 1895 coniuncta
704 1835 801 1911 atquc
823 1830 928 1895 uniter
949 1837 1024 1916 apta
1048 1819 1123 1898 est?

135 1945 272 2028 deniquo
295 1945 358 2008 ianr
381 1946 465 2010 saltu
492 1945 612 2027 pernici
634 1944 747 2010 tollere
770 1965 884 2029 corpus

67 2081 112 2126 555
135 2061 208 2142 quid
231 2059 314 2144 potis
337 2066 386 2124 est
406 2058 468 2124 nisi
490 2059 539 2122 vis
561 2060 677 2143 animi,
695 2080 777 2142 quae
800 2062 943 2125 membra
965 2063 1149 2143 gubernat?

133 2175 239 2240 iamne
259 2172 349 2239 vides
374 2179 528 2254 quantum
549 2174 652 2238 tenuis
674 2183 789 2238 natura
810 2173 919 2240 valere

134 2290 253 2372 possit,
270 2289 323 2352 ubi
347 2293 395 2353 551
417 2287 586 2352 coniuncta
607 2288 701 2368 gravi
724 2309 795 2352 cunr
818 2309 970 2374 corpore,
986 2297 1020 2354 ut
1044 2299 1098 2357 abr

136 2403 319 2467 coniunctus
340 2403 432 2466 terris
455 2408 486 2466 51
508 2401 600 2465 nobis
624 2410 673 2465 est
694 2403 791 2466 animi
813 2405 887 2467 vis?

173 2517 241 2582 Neo
263 2516 359 2580 nirnio
383 2516 459 2580 solis
482 2516 583 2580 rnaior
606 2521 676 2616 5515
692 2525 756 2580 buco
779 2511 999 2580 minor'ardor

70 2648 114 2694 555
136 2650 203 2696 5555
226 2636 351 2714 551551,
369 2630 485 2694 nostris
508 2650 604 2712 quani
627 2631 773 2696 sensibus
796 2648 868 2704 5555
889 2630 1033 2696 videtur.
1092 2665 1093 2668 π

134 2765 206 2810 narn
231 2744 346 2828 quibus
369 2763 387 2809 e
411 2744 524 2828 spatiis
548 2764 683 2827 cumque
705 2744 797 2827 ignes
820 2744 941 2808 lumina
963 2753 1097 2829 possunt

135 2859 259 2924 adicere
283 2863 315 2922 et
337 2859 473 2922 calidum
497 2857 646 2950 membris
669 2857 791 2922 adflare
813 2878 985 2940 vaporem,

133 2974 175 3038 nil
197 2992 238 3039 ca
258 2974 292 3037 in
313 2973 362 3037 bis
384 2959 560 3038 interuallis
582 2971 623 3038 de
645 2973 778 3056 corpore
800 2969 902 3037 lib'ant

133 3086 351 3165 flammarum,
368 3087 412 3151 nil
434 3089 475 3150 ad
498 3088 637 3172 speciem
660 3094 709 3152 551
731 3087 924 3153 contractior
944 3089 1049 3170 ignis.

68 3217 112 3264 555
134 3203 287 3286 proinde,
304 3203 392 3267 calor
415 3203 565 3283 quoniam
588 3203 666 3268 solis
688 3204 860 3284 lumenque
882 3206 1045 3288 prol'usurn

68 3333 112 3378 555
134 3318 321 3400 perueniunt
343 3323 468 3382 nostros
491 3316 532 3380 ad
554 3337 667 3383 sensus
691 3323 722 3382 51
744 3318 816 3382 1555
837 3319 997 3396 mulcent,

131 3428 234 3495 forma
257 3448 382 3512 quoquc
407 3431 479 3494 binc
501 3430 577 3496 solis
600 3432 695 3498 debet
715 3434 866 3516 filumque
889 3431 1008 3508 videri,

132 3545 176 3608 nil
198 3546 279 3610 adeo
303 3553 337 3610 ut
357 3545 463 3630 possis
485 3545 558 3628 plus
580 3548 761 3612 autminus
783 3548 922 3628 addere,
939 3563 1036 3610 vere.

65 3673 108 3721 555
131 3658 272 3741 lunaque
295 3659 361 3724 sive
384 3661 480 3724 5551155
504 3659 602 3724 fertur
623 3660 695 3726 loca
717 3663 836 3726 lumine
858 3661 1020 3736 lustrans,

130 3773 196 3836 sive
218 3792 308 3837 suam
331 3775 461 3856 proprio
485 3775 583 3838 iactat
605 3775 646 3840 de
669 3793 801 3858 corpore
822 3774 948 3854 luceru,

131 3886 287 3969 quidquid
308 3888 341 3951 id
365 3894 432 3971 est,
450 3888 516 3954 nilo
539 3888 639 3954 fertur
659 3889 779 3956 maiore
802 3890 905 3972 figura

131 4066 331 4074 ψ.-

134 4187 181 4236 551
196 4201 274 4249 supru
294 4183 308 4252 11
328 4189 378 4235 553
391 4187 444 4235 aeri
465 4184 478 4254 11
499 4187 654 4235 55555515.
670 4185 684 4254 11
705 4191 754 4252 558
767 4198 840 4253 rapta
854 4188 869 4258 11
883 4193 932 4240 559
945 4190 1046 4255 pernice
1059 4187 1074 4256 11
1089 4190 1139 4238 566
1153 4187 1217 4249 Quis
1237 4186 1249 4257 11

134 4271 233 4322 animae
252 4269 266 4342 11
287 4275 337 4322 563
356 4274 500 4324 Coniuncta
519 4269 533 4340 11
553 4275 603 4322 561
622 4275 741 4324 Adlicerc
766 4272 779 4342 11
804 4279 854 4326 568
874 4277 944 4325 Nihil
962 4275 1012 4324 nisi
1030 4276 1168 4324 intervallis
1188 4273 1202 4342 11
1221 4277 1252 4325 li·

134 4357 222 4408 brant.
244 4357 257 4428 11
278 4363 329 4408 516
349 4361 463 4424 fulgent.
485 4358 497 4430 11
518 4364 566 4410 511
587 4361 700 4424 ilumquc
720 4360 732 4430 11
754 4365 917 4412 514ε510.
939 4359 952 4430 11
972 4365 1021 4410 516
1041 4379 1086 4414 sua
