3236 5020
337 370 375 431 14
891 367 903 428 Ι

332 533 500 597 omnibus:
523 534 609 599 haud
631 535 728 618 igitur
750 535 919 616 quiequam
943 535 1117 616 proaedere
1140 542 1267 619 posset,

331 648 521 731 principium
546 651 696 729 queniam
720 647 854 713 eedendi
877 649 967 714 nulla
988 650 1080 714 daret
1102 669 1174 714 res.

260 784 311 830 340
333 769 366 828 at
388 783 471 826 nunc
490 782 548 845 per
570 764 670 828 maria
692 783 730 828 aa
752 770 854 828 terras
876 764 1076 845 sublimaque
1099 765 1178 830 caeli

332 879 431 941 multa
453 878 556 942 modis
579 878 685 942 multis
707 878 798 942 varia
819 879 941 944 ratione
965 879 1084 944 moveri

332 991 489 1056 aernimus
510 998 584 1055 ante
607 994 738 1070 onu10s;
764 1013 865 1073 qnae,
890 993 916 1057 si
939 1013 1003 1056 nun
1027 998 1111 1058 esset
1133 993 1250 1078 inane,

332 1127 397 1170 uun
419 1113 482 1170 tarn
506 1107 642 1172 sollieitu
665 1112 752 1170 matu
775 1108 899 1190 privata
922 1113 1066 1172 carerent
1167 1145 1171 1158 ·

332 1242 427 1302 quam
451 1222 560 1301 genita
583 1223 712 1286 omnino
735 1223 824 1286 nulla
847 1223 968 1286 ratione
992 1222 1146 1304 fuissent,

260 1334 474 1416 abeundique
498 1336 644 1400 materies
667 1339 817 1418 quoniam
841 1338 958 1420 stipata
980 1337 1141 1419 quiesset.

332 1457 497 1534 praeterea
520 1452 663 1532 quamvis
686 1452 809 1516 solidae
830 1472 881 1516 res
904 1471 975 1517 esse
998 1457 1165 1534 putentur,

333 1567 404 1630 bine
426 1571 534 1631 tamen
557 1585 628 1630 esse
651 1566 728 1631 lieet
748 1587 819 1630 rare
844 1587 913 1630 uum
937 1587 1070 1650 corpore
1093 1585 1227 1630 cernas.

332 1683 363 1744 in
387 1680 473 1746 saxis
496 1700 534 1743 aa
557 1681 717 1762 speluncis
741 1689 910 1764 permanat
931 1702 1085 1763 aquarum

333 1794 474 1878 liquidus
496 1816 588 1858 umor·
610 1802 640 1858 et
662 1796 814 1860 uberibus
836 1797 912 1860 flent
935 1797 1039 1860 omnia
1062 1796 1177 1875 guttis.

261 1933 311 1978 aaa
334 1909 468 1992 dissipat
490 1910 522 1972 in
545 1929 660 1994 eorpus
683 1931 755 1975 sese
778 1912 868 1976 cibus
892 1930 985 1975 omne
1008 1910 1226 1973 animantum:

334 2032 479 2090 creseunt
501 2026 630 2090 arbusta
652 2030 684 2090 et
705 2025 789 2089 fetus
812 2025 844 2088 in
866 2032 1010 2107 tempure
1033 2022 1186 2104 fundunt,

333 2139 419 2222 quad
442 2139 530 2203 uibus
552 2140 583 2202 in
606 2145 690 2205 totas
714 2159 815 2221 usque
838 2139 878 2202 ab
901 2137 1062 2202 radicibus
1084 2136 1156 2199 imis

333 2275 389 2337 per
412 2262 539 2318 truncas
561 2273 598 2317 ae
622 2275 680 2336 per
701 2275 808 2318 ramus
831 2251 1017 2316 diffunditur
1040 2250 1161 2313 omnis.

332 2370 413 2432 inter
435 2375 548 2451 saepta
570 2373 679 2433 meant
700 2387 796 2432 voees
818 2373 850 2431 et
872 2368 982 2430 clausa
1006 2365 1169 2428 damarum

260 2505 310 2549 ass
332 2483 574 2560 transvehunt,
594 2482 730 2562 rigidum
754 2487 919 2564 permanat
941 2480 1040 2563 frigus
1063 2481 1105 2544 ad
1129 2502 1222 2545 assa.

333 2598 419 2679 qued
441 2599 501 2662 nisi
523 2598 632 2661 inania
655 2596 734 2679 sint,
760 2617 822 2677 qua
845 2603 974 2678 possent
998 2616 1133 2679 corpora
1157 2614 1303 2677 quaeque

332 2713 466 2778 transire
490 2712 575 2776 baud
600 2712 667 2775 ulla
688 2710 755 2778 fieri
778 2712 900 2776 ratione
924 2711 1070 2776 videres,

334 2826 471 2908 denique
493 2848 548 2891 eur
571 2827 653 2890 alias
676 2826 747 2891 aliis
770 2833 934 2907 praestare
957 2826 1100 2890 ridemus

333 2942 548 3024 ponderares
572 2942 666 3006 rebus
690 2941 754 3004 nilo
779 2940 897 3005 maiore
920 2941 1042 3024 figura?

262 3077 312 3121 auu
334 3077 408 3119 nam
432 3056 458 3118 si
480 3056 697 3120 tantundemst
717 3055 751 3117 in
772 3055 866 3119 lanae
891 3056 1033 3135 glomere
1057 3059 1208 3133 (prautum

335 3170 474 3253 eorporis
496 3169 527 3232 in
551 3170 679 3252 plumba
704 3176 772 3245 est,
795 3169 978 3233 tantundem
1002 3166 1141 3249 pendere
1165 3185 1224 3244 par·
1246 3169 1313 3232 est;

335 3285 476 3366 eorporis
499 3283 669 3348 officiumst
692 3286 843 3366 quoniam
867 3300 1011 3364 premere
1035 3278 1142 3339 numia
1165 3277 1335 3354 deorsum,

335 3405 445 3462 eontra
467 3407 574 3464 autern
599 3407 714 3464 natura
736 3404 843 3462 manet
865 3396 935 3460 sine
960 3393 1101 3479 pandere
1122 3389 1246 3450 inanis.

335 3532 411 3596 erga
435 3513 519 3595 quad
544 3521 724 3598 magnumst
747 3531 849 3592 aeque
871 3507 1036 3585 leviusque
1059 3501 1202 3582 videtur,

263 3649 313 3693 aas
334 3629 367 3691 ni
390 3629 522 3706 mirum,
546 3617 619 3713 plus
643 3647 714 3693 esse
736 3625 796 3688 sibi
820 3621 965 3685 declarat
987 3616 1108 3680 inanis:

335 3749 369 3806 at
391 3749 501 3807 eontra
525 3741 655 3824 gravius
678 3739 749 3821 plus
773 3729 862 3798 in'se
885 3732 1026 3814 eorporis
1048 3750 1119 3795 esse

337 3857 463 3921 dediaat
485 3862 517 3919 et
539 3854 636 3917 multu
659 3869 794 3915 vaenum
816 3848 921 3912 minus
943 3847 1027 3910 intus
1050 3845 1188 3912 babere.

336 4125 384 4170 347
406 4122 493 4168 liceret
523 4115 535 4186 ii
565 4121 614 4178 349
635 4119 694 4166 fient
723 4113 737 4184 Η
767 4119 816 4165 352
840 4116 976 4165 redicimus
1006 4114 1018 4183 ΙΙ
1048 4119 1097 4164 357
1123 4114 1173 4162 ullu
1191 4113 1302 4160 valerent
1320 4113 1419 4162 ratione
1445 4112 1458 4182 Η

338 4213 387 4258 366
407 4211 460 4255 Aut
