3266 4994
376 392 437 457 160
920 381 948 446 V

373 577 447 622 nam
469 557 551 622 bene
575 554 629 636 qui
651 552 792 618 didioere
815 553 894 620 deos
918 572 1062 618 securum
1086 571 1185 634 agere
1208 571 1342 636 aevom,

373 672 401 738 si
422 679 530 759 tamen
550 670 673 734 interea
694 668 850 731 mirantur
873 689 937 750 qua
959 668 1083 733 ratione

374 805 521 868 quaeque
543 783 612 868 geri
633 781 775 866 possint,
791 783 978 867 praesertim
1002 783 1097 848 rebus
1118 781 1154 846 in
1176 781 1240 846 illis

315 923 348 970 ss
374 921 456 984 quae
481 918 600 982 supera
623 902 720 981 caput
742 897 894 963 aetheriis
917 903 1086 962 cernuntur
1108 897 1142 959 in
1164 896 1277 980 oris„

375 1035 483 1080 rursus
505 1015 537 1076 in
560 1014 707 1094 antiquas
730 1012 911 1077 referuntur
933 1011 1127 1096 religiones,

375 1137 407 1196 et
428 1128 575 1193 dominos
598 1128 680 1192 aoris
703 1127 904 1210 adsciscunt,
922 1127 1029 1192 omnia
1051 1145 1148 1212 posse

373 1265 453 1326 quos
474 1241 582 1307 miseri
605 1242 757 1318 eredunt,
773 1241 879 1325 ignari
902 1242 978 1322 quid
1002 1246 1099 1322 queat
1121 1260 1211 1324 esse,

373 1358 449 1440 quid
471 1361 631 1438 nequeat,
647 1356 735 1419 tinita
757 1362 900 1439 potestas
923 1355 1064 1438 denique
1088 1354 1200 1436 auique

314 1496 347 1542 oo
374 1493 438 1554 qua
461 1491 534 1534 nam
559 1469 600 1534 sit
621 1471 742 1534 ratione
766 1475 862 1551 atque
885 1470 949 1535 alte
972 1469 1125 1534 terminus
1147 1469 1305 1534 haerens.

412 1585 505 1664 Quod
528 1605 623 1669 super
645 1589 712 1669 est,
729 1605 769 1649 ne
792 1589 822 1648 te
844 1585 877 1648 in
899 1583 1066 1670 promissis
1088 1584 1181 1667 plura
1204 1604 1382 1668 moremur,

371 1700 526 1785 prirroipio
549 1700 650 1764 maria
672 1720 710 1764 ao
732 1705 833 1765 terras
856 1701 1041 1781 caelumque
1065 1705 1173 1779 tuere3

373 1835 506 1896 quorum
529 1821 674 1878 naturam
697 1814 872 1899 triplioem,
889 1815 949 1879 tria
972 1833 1127 1896 corpora,
1144 1814 1291 1888 Memmi,

372 1929 428 1993 tris
451 1929 575 2013 speeies
596 1934 662 1993 tam
686 1929 869 2014 dissimilis,
885 1931 945 1994 tria
967 1929 1044 1993 talia
1067 1933 1174 2011 texta,

316 2063 347 2110 so
373 2063 437 2107 una
460 2043 529 2108 dies
552 2044 641 2108 dabit
663 2044 778 2122 exitio,
794 2044 975 2124 multosque
998 2063 1055 2126 per
1078 2061 1181 2107 annos

373 2163 550 2222 sustentata
572 2165 640 2222 ruet
663 2159 763 2224 moles
787 2164 817 2222 et
839 2157 988 2222 maehina
1011 2157 1140 2221 mundi.

371 2291 430 2335 neo
453 2293 502 2336 me
524 2273 620 2336 animi
643 2272 725 2336 fallit
747 2293 841 2354 quam
866 2292 918 2337 res
940 2292 1023 2337 nova
1045 2271 1189 2352 miraque
1213 2269 1310 2334 menti

370 2385 497 2450 aooidat
518 2386 647 2451 exitium
671 2386 752 2450 oaeli
775 2391 941 2469 terraeque
964 2386 1124 2463 futurum,

370 2505 402 2565 et
424 2520 519 2581 quam
542 2499 672 2564 difficile
695 2500 729 2564 m
751 2501 827 2565 mihi
851 2502 892 2566 ss
914 2473 1098 2585 pervincere
1121 2499 1235 2578 datm

299 2617 405 2680 roo'ut
428 2615 461 2678 iit
484 2615 538 2680 ubi
558 2615 721 2680 insolitam
746 2637 811 2680 rem
834 2616 986 2700 adportes
1009 2616 1140 2679 auribus
1163 2619 1257 2696 ante,

372 2749 430 2794 neo
453 2735 560 2795 tamen
583 2728 666 2794 hano
688 2731 793 2814 possis
817 2731 980 2795 oculorum
1003 2730 1141 2795 subdere
1162 2729 1233 2793 visu

372 2862 433 2908 neo
455 2843 561 2909 iaoere
585 2844 663 2907 indu
685 2865 817 2922 manus,
835 2846 887 2910 via
910 2865 973 2927 qua
996 2845 1118 2908 munita
1139 2843 1213 2908 fidei

370 2956 514 3041 proxima
536 2955 599 3020 fert
622 2958 792 3022 humanum
814 2961 848 3023 in
871 2966 981 3043 peetus
1004 2959 1187 3042 templaque
1210 2955 1343 3048 meptis.

371 3069 428 3135 sed
450 3077 558 3134 tamen
581 3072 721 3138 effabor.
738 3073 831 3138 dietis
853 3073 943 3138 dabit
965 3075 1037 3159 ipsa
1059 3073 1155 3138 fidem
1176 3092 1249 3156 res,

298 3204 345 3251 roo
371 3184 524 3260 forsitan,
540 3192 572 3250 et
593 3189 733 3269 graviter
756 3195 912 3256 terrarum
935 3186 1073 3252 motibus
1096 3186 1172 3251 ortis

371 3299 478 3364 omnia
501 3305 710 3383 conquassari
732 3303 764 3368 in
786 3324 888 3388 parvo
912 3307 1053 3384 tempore
1077 3321 1207 3366 cernes.

372 3414 457 3494 quod
479 3415 591 3497 prooul
613 3437 633 3481 a
656 3417 747 3482 nobis
769 3417 877 3482 flectat
898 3416 1027 3481 fortuna
1048 3417 1252 3499 gubernans,

369 3533 400 3592 et
423 3529 502 3592 ratio
525 3530 630 3612 potius
654 3551 747 3612 quam
771 3552 822 3597 res
843 3533 1039 3616 persuadeat
1061 3533 1131 3616 ipsa

368 3641 532 3707 suooidere
556 3643 724 3711 horrisono
747 3666 844 3730 posse
867 3647 974 3711 omnia
996 3647 1079 3711 vieta
1101 3645 1253 3728 fragore.

295 3776 344 3822 110
413 3755 504 3843 [Qua
527 3759 614 3841 prius
637 3760 808 3844 adgrediar
832 3779 927 3840 quam
951 3760 990 3824 de
1014 3779 1048 3824 re
1070 3759 1205 3826 fundere
1228 3761 1298 3826 fata

368 3872 508 3936 sanetius
532 3879 564 3937 et
585 3873 683 3937 multo
707 3879 792 3937 oerta
815 3874 937 3937 ratione
960 3873 1063 3957 magis
1086 3892 1184 3955 quam

366 3985 483 4069 Pythia
506 4005 588 4067 quae
611 3987 736 4070 tripode
759 4007 778 4050 a
800 3986 921 4078 Phoebi
945 3988 1099 4070 lauroque
1123 3989 1287 4074 profatur,

367 4101 466 4164 multa
487 4100 545 4166 tibi
568 4100 736 4184 expediam
759 4100 861 4168 doctis
883 4102 1007 4168 solacia
1029 4103 1122 4170 distis
1134 4127 1143 4184 ;

367 4257 434 4264 -..
451 4258 567 4264 -.-.-.--

371 4343 403 4390 85
423 4342 531 4391 aetheris
551 4340 564 4410 Η
588 4345 636 4393 100
655 4343 786 4393 insolitum
