3240 5010
684 375 710 438 V

105 567 183 610 nam
211 547 314 628 quod
338 547 431 612 adest
453 555 602 631 praesto,
618 547 677 612 nisi
703 546 777 628 quid
801 546 1008 629 cognovimus
1031 555 1106 610 ante

107 661 276 745 suavius,
297 661 334 726 in
355 662 467 748 primis
488 662 595 746 placet
617 668 649 728 et
671 666 793 748 pollere
816 662 962 743 videtur,

105 778 353 860 posteriorque
375 776 442 844 sere
465 778 577 842 melior
599 797 651 842 res
672 779 729 843 illa
751 786 876 863 reperta

36 909 90 956 uro
107 891 222 975 perdit
251 897 289 958 et
314 892 461 956 immutat
482 911 598 958 sensus
620 896 660 956 ad
683 893 820 978 pristina
842 911 1009 975 quaeque.

106 1008 156 1072 sic
182 1007 309 1070 odium
332 1007 437 1092 coepit
458 1008 609 1090 glandis,
627 1009 672 1074 sic
695 1008 752 1072 illa
774 1009 885 1073 relicta

107 1129 220 1186 strata
247 1122 372 1187 cubilia
395 1131 467 1217 sunt
489 1123 597 1188 herbis
620 1130 653 1188 ct
673 1123 841 1190 frondibus
865 1129 979 1188 aucta.

107 1237 214 1320 pellis
241 1237 324 1300 item
348 1237 462 1302 cecidit
483 1239 580 1303 vestis
603 1247 785 1322 contempta
807 1238 950 1317 l'erinae3

113 1369 219 1432 quam
246 1370 326 1416 reor
348 1351 469 1416 invidia
491 1353 545 1417 tali
568 1360 641 1418 tunc
664 1373 737 1419 csse
758 1358 938 1438 repertam,

39 1484 96 1530 nno
113 1472 151 1529 nt
174 1466 287 1530 letum
312 1466 436 1531 insidiis
460 1467 513 1548 qui
535 1469 634 1551 gessit
657 1469 776 1550 primus
800 1469 922 1552 obiret,

113 1587 146 1645 at
170 1585 294 1646 tamen
316 1581 398 1647 inter
421 1601 477 1647 eos
500 1581 686 1648 distractam
711 1583 986 1666 sanguinemulto

115 1695 319 1780 disperiisse
341 1716 445 1778 neque
466 1697 498 1759 in
522 1695 658 1762 fructum
682 1705 867 1762 convertere
890 1697 1018 1778 quisse.

114 1815 196 1876 tunc
221 1811 324 1894 igitur
347 1812 468 1896 pelles,
485 1832 569 1878 nunc
592 1833 704 1877 aurum
728 1819 758 1877 et
780 1831 921 1896 purpura
944 1812 1028 1876 curis

117 1932 283 1992 exercent
304 1925 468 1992 hominum
490 1928 590 1992 vitam
613 1928 763 2010 belloque
786 1927 938 2012 fatigant3
1013 2017 1015 2021 Ι

46 2057 188 2122 utroquo
215 2041 327 2124 magis
348 2042 380 2106 in
403 2043 516 2125 nobis,
533 2050 568 2106 ut
590 2043 722 2126 opinor,
740 2045 834 2128 culpa
856 2042 994 2108 resedit.

119 2155 232 2238 frigus
255 2155 340 2220 enim
364 2157 467 2223 nudos
490 2158 560 2222 sine
582 2157 722 2242 pellibus
744 2159 974 2223 excruciabat·

120 2272 334 2354 terrigenas:
352 2280 386 2336 at
408 2292 466 2338 nos
488 2272 534 2337 nil
557 2271 656 2338 laedit
677 2279 766 2338 veste
790 2292 899 2338 carere

120 2406 294 2472 purpurea
317 2393 414 2470 atque
437 2408 512 2452 aruo
536 2388 700 2470 signisque
722 2388 907 2468 ingentibus
929 2393 1026 2471 apta,

123 2500 203 2566 dum
227 2501 357 2587 plebeia
384 2509 492 2567 tamen
515 2501 575 2580 sit,
593 2521 674 2584 quae
698 2500 872 2568 defendere
894 2500 1017 2585 possit.

48 2631 105 2680 nso
123 2635 205 2701 ergo
235 2617 398 2683 hominum
421 2637 523 2700 genus
545 2619 578 2681 in
601 2636 727 2682 cassum
749 2615 930 2698 frustraque
952 2615 1079 2681 laborat

123 2751 261 2820 semper
284 2738 315 2797 et
336 2732 370 2795 in
392 2732 475 2798 curis
498 2731 654 2798 consumit
676 2729 826 2796 inanibus
850 2707 985 2804 aevom,

123 2849 158 2913 ni
182 2848 415 2937 mirum‚‚quia
436 2867 501 2912 non
524 2849 674 2932 cognovit
697 2866 780 2929 quae
803 2846 843 2910 sit
866 2844 1006 2910 habendi

124 2962 204 3032 finis
229 2969 260 3029 et
282 2963 411 3030 omnino
434 2985 497 3046 quo
521 2964 565 3029 ad
586 2971 709 3030 crescat
730 2982 807 3029 vera
828 2963 994 3047 voluptas:

126 3077 230 3165 idque
252 3078 430 3146 minutatim
453 3080 548 3145 vitam
570 3080 718 3165 provexit
738 3081 771 3145 in
794 3081 895 3144 altum

54 3205 113 3258 1435
130 3201 163 3260 et
185 3194 266 3260 belli
289 3214 424 3277 magnos
446 3197 617 3261 commovit
637 3196 780 3262 funditus
803 3193 952 3280 aestus]

170 3311 216 3376 At
238 3309 353 3391 vigiles
376 3309 485 3374 mundi
507 3331 657 3395 magnum
679 3310 828 3378 versatili'
850 3309 1002 3393 templum

132 3427 185 3492 sol
209 3430 240 3488 et
262 3424 339 3489 luna
360 3443 419 3488 suo
442 3424 613 3489 lustrantes
636 3424 755 3490 lumine
778 3425 896 3489 circum

131 3540 332 3624 perdocuere
354 3536 500 3602 homines
522 3557 680 3601 annorum
702 3545 848 3621 tempora
870 3534 950 3600 verti

135 3662 167 3720 et
190 3659 277 3720 certa
300 3653 423 3718 ratione
446 3651 517 3732 geri
540 3671 608 3718 rom
631 3658 727 3733 atque
750 3651 861 3716 ordino
885 3655 993 3714 certo.

57 3781 119 3834 1440
177 3770 246 3834 lam
269 3767 386 3833 validis
408 3767 511 3852 saepti
534 3767 695 3849 degebant
717 3765 858 3832 turribus
880 3783 1014 3840 aevom,

136 3890 169 3949 et
190 3882 295 3949 divisa
317 3880 480 3948 colebatur
503 3882 705 3966 discretaque
728 3882 843 3965 tellus,

143 4160 209 4208 1416
222 4157 308 4222 sigilla
329 4153 343 4226 Η
365 4157 431 4205 1418
445 4154 542 4205 ferina.
558 4149 572 4222 Η
594 4157 659 4204 1419
673 4169 739 4203 nunc
761 4150 774 4221 Η
796 4155 861 4204 1425
875 4154 919 4203 ina
939 4151 952 4220 Η
974 4154 1040 4201 1429
1054 4150 1154 4214 plebelo
1167 4147 1180 4216 11
1196 4150 1261 4197 1431

141 4245 167 4296 in
187 4247 326 4297 omissum.
348 4241 361 4312 ΙΙ
384 4245 450 4296 1436
470 4242 586 4294 versatile
606 4239 619 4311 ΙΙ
642 4245 709 4292 1440
729 4242 837 4309 degebat
857 4238 871 4311 11
893 4244 957 4290 1441
979 4240 1152 4300 disceretaque
