3240 5010
340 358 403 424 232
880 351 924 414 Vl

343 524 504 605 multaque
526 529 694 606 praeterea
715 521 903 603 languentia
926 523 1067 588 membra
1091 543 1147 606 per
1169 527 1256 588 arbre

344 638 471 702 solvunt
492 644 587 718 atque
610 636 750 700 animaru
773 634 975 701 labefactant
997 637 1127 702 sedibus
1149 636 1254 700 intus.

342 752 480 833 denique
503 752 530 815 si
555 751 668 816 calidis
691 751 787 815 etiarn
811 759 961 817 cunctare
984 753 1126 818 lavabris

267 885 318 932 acc
342 867 466 948 plenior
488 872 521 930 et
541 866 682 942 laveris,
699 865 780 930 solio
804 863 956 930 ferventis
979 865 1075 947 aquai

345 1001 444 1061 quam
466 979 563 1046 facile
586 981 618 1044 in
641 979 747 1044 medie
770 978 805 1042 fit
828 981 872 1044 uti
895 980 953 1044 des
977 999 1076 1065 saepe
1098 979 1229 1054 ruinas,

269 1113 317 1160 rea
344 1094 512 1160 concidere
535 1101 568 1159 et
589 1115 735 1178 spurcam
756 1101 791 1157 ut
813 1095 868 1176 qui
890 1095 1000 1160 morbo
1024 1095 1148 1159 mittere
1171 1094 1293 1160 suevit!

268 1227 317 1274 802
344 1209 585 1290 carbonumque
607 1207 716 1292 gravis
739 1209 787 1272 vis
809 1214 904 1290 atque
929 1209 1009 1274 oder
1031 1209 1213 1274 insinuatur

347 1343 442 1404 quam
465 1322 563 1388 facile
586 1323 619 1386 in
642 1323 827 1399 cerebrum,
844 1324 904 1388 nisi
927 1343 1045 1406 aquarn
1068 1323 1292 1407 praecepimus
1315 1324 1409 1386 aute!

346 1444 380 1501 at
403 1458 473 1504 cunr
497 1437 640 1502 membra
663 1437 776 1502 domus
800 1439 942 1521 percepit
964 1437 1114 1503 fervidior
1136 1438 1205 1510 vis,

269 1572 319 1618 ece
346 1560 411 1616 turn
434 1553 469 1616 fit
492 1553 571 1617 odor
593 1553 652 1618 viri
677 1552 794 1634 plagae
817 1553 996 1618 mactabilis
1018 1553 1140 1616 instar.

344 1688 450 1732 nonne
473 1669 564 1733 vides
587 1669 683 1734 etiam
707 1677 792 1734 terra
816 1689 942 1752 qunque
965 1669 1077 1752 sulpur
1099 1668 1131 1731 iu
1154 1667 1225 1751 ipsa

345 1782 470 1863 gignier
492 1789 524 1846 et
546 1791 648 1849 taetro
672 1805 879 1851 concrescere
903 1784 1001 1848 cricre
1025 1784 1188 1856 bituruen;

345 1894 483 1976 denique
507 1898 561 1961 ubi
585 1900 710 1981 argenti
732 1919 834 1964 vanas
857 1899 989 1980 aurique
1013 1903 1181 1978 secuntur,

344 2011 439 2073 terrai
463 2012 587 2094 penitus
610 2020 789 2100 scrutantes
813 2013 926 2078 abdita
948 2012 1054 2096 ferro,

271 2143 321 2190 arc
346 2126 451 2206 qualis
476 2128 598 2209 expiret
620 2128 833 2212 Scaptensula
854 2129 964 2194 subter
987 2125 1131 2193 oderes?

346 2239 462 2320 quidve
484 2244 562 2308 rnali
584 2244 619 2307 fit
641 2250 675 2308 ut
697 2244 847 2309 exhalent
869 2251 982 2310 aurata
1003 2240 1154 2308 metalla!

348 2374 429 2435 quas
452 2357 614 2423 hominur'u
639 2359 776 2424 reddunt
798 2357 897 2423 iacies
921 2358 1088 2440 qualisque
1112 2354 1256 2420 colores!

346 2490 453 2537 ucnne
476 2473 566 2538 vides
589 2474 722 2540 audisve
745 2474 848 2558 perire
870 2475 902 2538 in
925 2481 1066 2557 ternpore
1091 2491 1188 2556 parve

349 2607 445 2667 quarn
469 2587 616 2672 soleant,
633 2595 665 2653 et
688 2609 785 2671 quam
807 2589 883 2653 vitai
908 2588 1001 2671 eopia
1023 2586 1126 2670 desit,

271 2719 321 2765 ara
346 2719 428 2779 ques
451 2720 548 2784 opere
571 2701 604 2765 in
625 2704 682 2767 tali
706 2704 833 2768 cohibet
853 2704 902 2768 vis
924 2722 1046 2784 nragna
1068 2701 1239 2766 necessis‘?

347 2815 405 2878 bos
429 2815 526 2896 igitur
548 2817 642 2882 tellus
665 2819 768 2884 curnis
791 2823 960 2884 exaestuat
981 2824 1091 2882 aestus

350 2931 538 3013 expiratque
561 2931 648 2996 foras
671 2933 703 2996 in
726 2941 871 3016 apertum
894 2941 1104 3017 promptaque
1127 2928 1230 2994 caeli.

387 3044 439 3108 Sic
463 3065 501 3109 ea
524 3049 653 3111 Averna
675 3047 748 3110 loca
771 3046 902 3110 alitibus
925 3046 1119 3110 surnarittere
1141 3045 1260 3108 debent

350 3159 544 3224 rncrtiieranr
567 3161 651 3236 vim,
668 3162 708 3226 de
731 3167 817 3225 terra
840 3179 922 3242 quae
945 3163 1047 3242 surgit
1068 3159 1102 3222 in
1124 3177 1241 3240 auras,

270 3293 321 3339 eac
347 3280 381 3338 ut
402 3275 540 3357 spatium
563 3274 644 3338 caeli
668 3274 803 3356 quadam
828 3275 868 3338 de
890 3281 981 3357 parte
1004 3279 1161 3340 venenet:

347 3409 408 3469 quc
432 3388 525 3453 simul
549 3407 587 3452 ac
608 3388 744 3470 prirnunr
767 3389 880 3473 pennis
903 3388 1012 3454 delata
1035 3391 1075 3455 sit
1097 3390 1185 3472 ales,

345 3501 537 3584 impediatur
559 3501 604 3566 ibi
626 3523 722 3568 caece
747 3509 893 3587 correpta
914 3523 1059 3588 veneno,

346 3622 381 3679 ut
404 3617 500 3681 cadat
522 3637 539 3680 e
562 3617 696 3697 regione
719 3618 800 3702 loci,
818 3638 883 3700 qua
906 3618 1023 3700 derigit
1045 3625 1173 3684 aestus.

348 3751 410 3811 quc
435 3750 506 3794 cum
529 3732 670 3816 conruit,
688 3732 740 3796 hie
763 3734 877 3798 eadem
902 3733 949 3796 vis
970 3734 1057 3798 illius
1081 3739 1188 3798 aestus
1288 3810 1290 3814 Ι

350 4063 399 4110 798
417 4061 572 4112 labefaciant
595 4062 608 4130 Η
637 4067 685 4112 799
706 4073 822 4114 caractere
848 4061 861 4132 Η
886 4066 937 4112 800
960 4064 1071 4114 efficeris
1097 4060 1110 4131 Η
1137 4066 1185 4112 801
1213 4063 1244 4112 de
1268 4061 1282 4130 Η
1307 4067 1356 4114 793
1380 4080 1470 4128 punies

347 4149 389 4212 qui
411 4147 424 4216 Η
444 4153 494 4199 803
514 4152 641 4200 celebrum
666 4148 679 4217 Η
699 4167 766 4212 aqua
785 4151 798 4216 Η
819 4154 870 4218 804
889 4153 996 4200 (lemnus
1016 4152 1029 4218 Η
1051 4152 1188 4200 fervidaser
1207 4148 1221 4219 Η
1242 4154 1292 4201 805
1311 4153 1363 4201 vini
1383 4151 1397 4220 Η
1418 4157 1468 4204 800

348 4238 420 4299 ipso.
442 4235 454 4304 Η
475 4241 526 4286 808
545 4247 650 4302 argento
671 4235 684 4306 Η
706 4241 752 4284 811
769 4239 889 4288 metulla.
910 4237 924 4306 Η
945 4241 995 4288 813
1015 4240 1103 4288 audire
1122 4239 1136 4307 Η
1157 4241 1207 4288 815
1221 4250 1362 4306 necessest.
1383 4237 1397 4308 Η
1417 4243 1468 4290 818

350 4335 375 4372 et
394 4327 407 4392 Η
429 4326 511 4374 leesrn
531 4325 624 4373 alitbus
643 4325 655 4392 Η
677 4327 728 4374 820
747 4327 842 4389 patiam
863 4325 876 4395 Η
898 4327 1008 4389 ‹pucdarn
