3266 4994
685 361 714 423 V

135 532 269 598 exitium
294 532 391 598 celeri
414 532 535 598 celatur
556 531 681 612 origine
703 529 871 595 flammae.

131 648 178 712 sic
200 648 302 728 igitur
324 646 425 712 solem
447 647 556 711 lunam
579 645 751 727 stellasque
773 643 980 728 putandumst

132 780 172 826 ex
195 762 264 826 alio
289 768 384 842 atque
406 760 470 825 alio
493 760 597 826 lucem
619 761 739 826 iactare
761 739 893 824 subortu

131 881 163 941 et
184 875 324 959 primum
348 874 499 958 quioquid
520 875 718 940 flammarum
742 873 877 958 perdere
900 891 1045 957 semper;

63 1010 105 1055 soa
130 989 341 1054 inviolabilia
362 989 443 1054 haee
465 1009 505 1054 ne
528 989 638 1054 credas
661 988 743 1054 forte
765 989 892 1071 vigere.

169 1105 325 1188 Denique
346 1127 411 1172 non
432 1104 559 1188 lapides
582 1121 709 1187 quoquc
732 1103 815 1167 vinci
839 1102 943 1168 cernis
965 1102 1008 1167 ab
1031 1120 1132 1186 aevo,

129 1237 198 1282 non
224 1221 312 1284 altas
333 1223 427 1286 turris
449 1221 542 1285 ruere
563 1223 595 1284 et
616 1223 798 1301 putrescerc
820 1235 923 1294 saxa,

130 1352 198 1396 non
223 1333 361 1399 delubra
383 1335 478 1400 deum
501 1332 736 1414 simulacraque
759 1331 848 1396 fessa
870 1330 995 1415 fatisci,

130 1467 193 1512 nee
217 1453 366 1514 sanctum
388 1467 505 1514 numen
528 1447 587 1512 fati
610 1446 782 1530 protollere
803 1445 875 1511 finis

62 1578 108 1624 310
132 1581 234 1643 posse
258 1581 363 1643 neque
385 1561 542 1640 adversus
562 1568 700 1627 naturae
722 1559 857 1626 foedera
879 1559 963 1624 niti?

132 1673 279 1758 denique
302 1696 366 1740 non
387 1677 582 1740 monimenta
603 1676 706 1740 virum
728 1675 856 1758 dilapsa
880 1673 1044 1757 videmus,

132 1808 220 1869 quae
243 1791 312 1856 fore
334 1810 488 1875 proporro
512 1790 708 1871 vetitumque
730 1808 899 1854 senescere
922 1788 1055 1867 credas,

136 1925 202 1969 non
225 1925 318 1970 ruere
340 1905 471 1970 avolsos
492 1905 600 1970 silices
623 1905 824 1970 amentibus
847 1903 922 1968 altis

134 2037 196 2084 nec
219 2018 349 2084 validas
370 2019 441 2083 aevi
463 2019 547 2084 vires
569 2018 711 2102 perferre
733 2019 863 2102 patique

68 2150 112 2198 ara
135 2133 249 2198 finiti?
266 2152 369 2214 neque
391 2134 475 2198 enirn
499 2133 652 2200 caderent
673 2134 786 2198 avolsa
807 2140 960 2218 repente,

135 2267 175 2314 ex
199 2247 323 2314 infinito
347 2267 432 2330 quaa
454 2254 597 2333 tempore
619 2249 870 2332 pertolerassent

137 2363 248 2430 omnia
270 2369 427 2428 tormenta
449 2365 582 2446 aetatis,
599 2365 725 2446 privata
748 2364 895 2448 fragore.

173 2477 326 2559 Denique
346 2476 412 2540 iam
435 2483 523 2544 tuere
545 2477 625 2562 hoc,
642 2478 759 2542 circum
782 2497 942 2561 supraque
966 2476 1051 2558 quod
1074 2493 1201 2540 ornnem

135 2591 279 2657 eontinet
299 2593 452 2676 amplexu
472 2600 610 2656 terram:
627 2592 654 2656 si
676 2598 826 2675 procreat
848 2610 888 2655 ex
911 2609 946 2655 se

75 2719 114 2770 aro
138 2706 267 2790 omnia,
284 2706 370 2789 quod
393 2706 524 2788 quidam
545 2711 743 2789 memorant,
759 2705 935 2788 recipitque
957 2711 1139 2789 perempta,

135 2827 238 2886 totum
260 2820 401 2886 nativum
425 2821 551 2886 mortali
573 2840 708 2905 corpore
731 2826 874 2886 constat.

136 2956 213 3000 nam
238 2935 322 3018 quod
346 2955 480 3018 cumque
503 2935 585 3001 alias
609 2956 649 3002 ex
672 2955 708 3002 se
731 2954 782 3002 res
805 2934 1063 3019 augeturque,

137 3049 280 3117 deminui
302 3049 418 3128 debet,
435 3049 591 3134 recreari,
608 3071 679 3116 oum
702 3052 813 3136 recipit
834 3070 906 3116 res.

178 3163 353 3230 Praeterea
375 3166 402 3230 si
423 3166 513 3230 nulla
535 3165 593 3230 fuit
614 3168 763 3249 genitalis
786 3167 875 3251 origo

71 3295 113 3345 aas
139 3284 297 3346 terrarum
320 3285 352 3344 et
374 3280 456 3345 caeli
479 3301 668 3364 semperque
691 3288 823 3347 aeterna
844 3280 953 3364 fuere,

139 3415 196 3461 cur
219 3413 337 3477 supera
359 3394 477 3460 bellum
499 3392 690 3460 Thebanum
713 3403 744 3459 et
766 3395 879 3460 funera
900 3394 1018 3457 Troiae

141 3530 206 3576 non
229 3508 313 3573 alias
335 3508 389 3574 alii
413 3527 539 3591 quoque
561 3527 614 3574 res
636 3510 779 3574 cecinere
800 3509 944 3593 po'e'tae?

141 3646 203 3708 quo
227 3631 273 3689 tot
295 3624 382 3690 facta
404 3624 506 3688 virum
529 3622 644 3690 totiens
668 3622 813 3688 cecidere
834 3641 939 3705 neque
961 3641 1097 3705 usquam

141 3739 280 3807 aeternis
302 3738 410 3804 famae
432 3739 635 3806 monimentis
657 3738 754 3804 insita
776 3738 918 3804 florent?

72 3871 118 3923 aso
142 3877 272 3932 verum,
289 3859 323 3918 ut
345 3853 477 3937 opinor,
494 3854 592 3920 habet
613 3830 782 3920 novitatem
806 3876 951 3939 summa,
967 3873 1142 3936 recensque

142 3975 289 4035 naturast
310 3967 421 4034 mundi
443 3987 549 4049 neque
571 3970 697 4052 pridem
720 3972 852 4037 exordia
874 3970 977 4054 oepit.

147 4163 194 4210 301
215 4159 340 4209 celeratur
364 4156 377 4225 Η
403 4161 452 4209 302
472 4159 628 4223 putandum.
653 4157 666 4225 Η
692 4163 742 4209 304
761 4161 883 4223 quidquid
909 4158 923 4225 Η
950 4162 999 4209 310
1019 4157 1149 4206 foederent
1173 4149 1185 4220 Η
1215 4156 1265 4202 312

146 4247 274 4308 Quaerere
294 4242 306 4312 Η
326 4245 375 4295 sibi
394 4262 502 4310 cumque
522 4243 535 4314 Η
556 4249 606 4296 318
625 4261 715 4296 omne.
737 4243 750 4314 Η
771 4249 821 4298 326
841 4247 932 4298 funara
951 4242 965 4313 Η
986 4247 1034 4294 327
1055 4242 1089 4291 ali
1111 4237 1124 4309 Η
1145 4243 1193 4290 331
1214 4240 1265 4292 Na-

145 4341 202 4384 tura
219 4334 331 4382 mundist
