3236 5020
345 381 386 447 55
890 343 920 440 n

271 565 320 615 535
347 548 446 612 multa
469 549 542 613 licet
563 567 680 632 genere
703 567 773 613 5555
796 548 828 611 15
853 567 891 611 55
915 565 1141 629 numerumque
1164 546 1300 632 repleri;
1379 555 1386 572 '

347 663 426 726 51551
449 661 676 745 quadripedum
700 661 902 746 cumprimis
926 680 997 724 5555
1019 661 1163 725 videmus

345 777 378 839 in
401 795 519 859 genere
541 775 750 855 anguimanus
773 774 982 858 elephantos,
999 774 1090 838 lndia
1113 793 1245 856 quorum

346 891 473 955 milibus
496 908 514 953 e
536 890 644 953 multis
666 889 751 952 vallo
775 891 913 952 munitur
935 889 1074 973 eburno,

345 1010 379 1067 51
401 1004 527 1088 penitus
552 1009 690 1085 nequeat
711 1005 893 1087 penetrari:
912 1009 1001 1067 15515
1023 1004 1160 1066 ferarum

271 1139 321 1184 540
346 1119 394 1183 515
417 1125 484 1197 551;
501 1139 632 1200 quarum
656 1139 714 1182 555
736 1137 900 1201 perpauca
923 1120 1070 1202 exempla
1093 1119 1259 1183 videmus.

345 1232 402 1296 scd
424 1237 532 1296 155555
554 1232 587 1294 id
611 1252 736 1312 quoque
759 1232 803 1294 uti
827 1232 1021 1317 concedam,
1040 1253 1134 1315 quam
1157 1232 1244 1296 lubet
1265 1235 1334 1294 esto

344 1346 438 1410 unica
461 1366 513 1410 res
536 1347 691 1426 quaedam
714 1346 822 1410 551155
845 1365 980 1429 corpore
1004 1347 1093 1429 sola,

345 1459 392 1522 cui
416 1459 529 1523 similis
552 1466 618 1524 1515
639 1467 793 1524 terrarum
818 1461 905 1524 nulla
927 1461 967 1525 sit
990 1461 1081 1524 orbi:

344 1573 467 1637 infinita
490 1580 596 1637 tamen
618 1574 679 1638 nisi
703 1575 762 1638 erit
784 1575 833 1638 515
856 1575 1019 1655 materiai,

269 1707 319 1754 555
347 1688 432 1750 unde
454 1707 493 1750 ea
514 1689 664 1770 progigni
685 1690 788 1772 possit
809 1695 983 1773 concepta,
1001 1688 1105 1752 creari

343 1821 407 1865 nou
429 1803 565 1883 poterit,
582 1820 706 1882 neque,
724 1804 809 1884 quod
833 1821 927 1885 super
951 1808 1021 1883 est,
1037 1819 1241 1883 procrescere
1264 1800 1391 1883 alique.

345 1915 463 1997 quippe
486 1915 601 1980 etenim
625 1917 651 1979 si
676 1918 863 1980 manticuler
885 1916 972 1978 finita
994 1935 1053 1999 per
1076 1934 1168 1978 omne

345 2048 480 2111 corpora
502 2031 615 2094 iactari
639 2031 731 2095 unius
752 2031 907 2114 genitalia
930 2030 998 2105 rei,

342 2142 427 2206 unde
449 2145 501 2207 ubi
527 2146 640 2225 quavi
665 2153 694 2208 51
718 2166 779 2226 quo
803 2151 897 2226 pacto
921 2163 1095 2224 congressa
1118 2144 1247 2207 coibunt

267 2279 318 2324 550
344 2259 496 2322 materiae
520 2265 608 2322 tanto
632 2260 665 2321 in
687 2259 805 2341 pelago
827 2258 985 2338 turbaque
1008 2258 1142 2321 aliena?

344 2393 427 2455 non,
445 2380 478 2436 ut
501 2374 634 2457 opinor,
650 2372 770 2436 habent
792 2374 945 2436 rationem
969 2372 1179 2436 conciliandi:

343 2485 400 2552 sed
423 2488 512 2568 quasi
534 2488 712 2568 naufragiis
735 2487 862 2567 magnis
884 2486 1055 2567 multisque
1078 2485 1196 2550 coortis

344 2601 513 2666 disiectare
537 2602 619 2665 55151
641 2622 790 2682 magnum
814 2619 901 2664 marc
923 2607 1080 2683 transtra,
1097 2602 1261 2682 guberna,

343 2722 531 2797 antemnas,
548 2735 696 2798 proram,
714 2716 837 2794 malos,
855 2723 1027 2796 tonsasque
1050 2714 1207 2797 natantis,

268 2851 318 2898 555
344 2851 401 2914 per
423 2837 576 2894 terrarum
600 2830 703 2894 omnis
726 2849 800 2894 oras
821 2829 977 2894 fluitantia
1000 2829 1143 2911 aplustra

344 2949 378 3007 ut
399 2943 566 3008 videantur
589 2950 620 3008 51
641 2943 792 3008 indicium
815 2944 999 3008 mortalibus
1023 2943 1139 3016 edant,

343 3058 432 3122 infidi
455 3057 551 3121 maris
575 3058 709 3123 insidias
730 3059 870 3140 virisque
893 3058 1065 3138 dolumque

344 3179 377 3235 51
399 3171 501 3236 511555
523 3171 640 3254 551151,
659 3189 738 3235 5555
760 3172 825 3236 5115
848 3179 992 3252 tempore
1016 3169 1168 3252 credant,

344 3285 482 3350 subdola
504 3305 574 3348 5555
595 3284 677 3348 515151
698 3285 819 3368 placidi
842 3284 980 3368 pellacia
1001 3286 1110 3369 ponti,

268 3421 319 3467 555
345 3400 390 3464 515
412 3400 469 3463 1151
493 3399 519 3462 51
542 3400 631 3464 finita
654 3401 753 3464 semel
776 3398 952 3481 primordia
975 3399 1134 3478 quaedam

344 3513 535 3590 5555111555,
554 3534 664 3577 aevom
689 3514 850 3578 debebunt
871 3533 985 3596 sparsa
1007 3532 1064 3594 per
1087 3529 1211 3575 omnem

344 3627 512 3692 disiectare
535 3635 642 3692 aestus
665 3627 782 3691 diversi
804 3625 971 3709 materiai,

343 3761 514 3824 numquam
537 3743 569 3805 15
593 3743 760 3806 concilium
782 3748 816 3804 51
838 3739 961 3822 possint
982 3740 1146 3822 compulsa
1168 3740 1254 3805 55155

343 3873 404 3918 555
427 3855 580 3918 remorari
601 3856 634 3917 in
657 3854 792 3920 55551115
817 3873 874 3917 555
897 3871 1040 3918 55555555
1063 3855 1219 3936 adaucta;

269 3986 319 4034 565
345 3986 477 4049 quorum
500 3975 665 4050 utrumque
689 3968 797 4050 palam
820 3967 889 4031 fieri
911 3966 1082 4032 manifesta
1105 3969 1199 4032 docet
1219 3987 1306 4044 res‚.

347 4234 398 4282 535
412 4247 505 4295 genera
524 4231 538 4296 11
560 4233 610 4282 536
624 4231 667 4280 Sic
679 4233 716 4282 uti
732 4230 745 4297 11
760 4235 808 4282 541
824 4233 910 4284 iubet.
932 4231 944 4302 11
965 4237 1015 4284 543
1029 4235 1100 4283 55115
1111 4234 1250 4284 omissum.
1272 4228 1285 4299 ΙΙ
1305 4235 1470 4282 5475555551

348 4319 415 4366 oculi
436 4317 449 4384 Η
471 4320 521 4368 553
541 4333 664 4368 caverna.
686 4319 698 4386 lq
720 4322 771 4370 554
788 4337 889 4385 prorem
908 4320 921 4390 Η
942 4323 993 4371 555
1011 4320 1140 4384 plaustra.
1162 4314 1176 4385 11
1196 4321 1247 4368 560
1265 4318 1366 4367 infinita
