3236 5020
683 379 699 443 Ι

33 577 101 624 925
131 574 313 638 musarum,
337 573 400 634 quo
424 573 507 617 nunc
528 551 696 617 instinctus
718 557 823 614 mente
848 551 968 632 vigenti

132 669 202 734 avia
224 668 386 733 Pieridum
408 688 543 753 peragro
567 667 638 731 loca
661 665 779 730 nullius
802 668 874 730 ante

132 784 204 846 trita
226 784 315 848 solo.
339 783 426 846 iuvat
447 783 591 866 integros
613 783 766 850 accedere
788 780 887 848 fontis

130 904 226 979 atque
247 897 395 981 haurire,
419 896 570 980 iuvatque
592 918 692 963 novos
715 899 887 980 decerpere
910 895 1007 959 flores

129 1012 355 1094 insignemque
378 1031 448 1076 meo
470 1012 564 1097 capiti
586 1019 695 1097 petere
718 1012 793 1078 inde
816 1031 988 1090 coronam,

38 1147 102 1194 930
131 1127 219 1192 unde
241 1127 328 1208 prius
350 1126 428 1190 nulli
449 1127 585 1192 velarint
606 1135 749 1226 tempora
772 1145 905 1204 musae;

132 1242 267 1326 primum
291 1241 377 1322 quod
401 1241 524 1324 magnis
548 1242 647 1308 doceo
671 1244 712 1306 de
734 1231 836 1307 rebus¹
853 1237 985 1306 et'artis

133 1357 322 1438 religionum
346 1357 487 1422 animum
511 1357 604 1422 nodis
626 1359 793 1423 exsolvere
816 1377 936 1440 pergo,

134 1471 250 1536 deinde
273 1470 359 1552 quod
382 1472 518 1536 obscura
541 1470 582 1536 de
604 1491 638 1536 re
660 1478 726 1534 tam
748 1471 854 1534 lucida
876 1488 983 1552 pango

135 1583 296 1666 carmina,
320 1603 452 1649 musaeo
476 1585 665 1669 contingens
688 1590 801 1648 cuncta
823 1583 954 1666 lepore.

45 1718 109 1764 cac
136 1696 170 1760 id
194 1716 321 1778 quoque
345 1698 428 1760 enim
452 1717 515 1761 000
538 1697 580 1762 ab
603 1698 693 1762 nulla
714 1700 837 1763 ratione
860 1698 1005 1778 videtur;

136 1809 268 1876 sedvel
292 1811 335 1875 uti
359 1811 466 1894 pueris
489 1811 650 1876 absinthia
674 1819 774 1878 taetra
797 1812 962 1876 medentes
997 1871 999 1875 .

136 1944 207 1988 cum
231 1924 307 1990 dare
330 1930 503 2002 conantur,
525 1926 615 2009 prius
638 1946 733 2010 oras,
757 1926 872 2009 pocula
894 1925 1032 2000 circum,

136 2037 324 2120 contingunt
346 2039 450 2103 mellis
473 2039 556 2104 dulci
578 2039 728 2132 flavoque
750 2040 895 2122 liquore,

134 2157 169 2216 ut
191 2171 359 2235 puerorum
383 2159 476 2218 aetas
498 2154 669 2238 inprovida
691 2155 871 2220 ludificetur

47 2288 108 2334 940
135 2267 299 2332 labrorum
321 2274 434 2351 tenus,
459 2268 584 2334 interea·
603 2255 749 2354 p'erpotet
770 2288 912 2332 amarum

134 2379 274 2446 absinthi
297 2381 443 2466 laticem,
468 2383 667 2467 deceptaque
690 2403 754 2447 non
778 2383 943 2466 capiatur,

137 2495 196 2561 sed
218 2496 323 2580 potius
345 2498 402 2562 tali
423 2503 517 2581 pacto
540 2503 687 2562 recreata
713 2499 876 2578 valescat,

134 2610 182 2676 sie
204 2629 264 2693 ego
288 2631 390 2694 nunc,
415 2610 564 2692 quoniam
587 2611 668 2676 haec
688 2611 770 2674 ratio
793 2611 982 2692 plerumque
1005 2609 1129 2674 videtur

137 2724 258 2788 tristior
281 2743 354 2788 esse
378 2724 493 2804 quibus
515 2745 579 2788 000
602 2731 652 2789 est
674 2729 828 2806 tractata,
853 2727 999 2804 retroque

49 2861 107 2907 945
137 2836 253 2920 volgus
275 2837 425 2902 abhorret
447 2837 488 2902 ab
511 2837 592 2923 hac,
616 2838 702 2904 volui
725 2837 780 2903 tibi
804 2837 1037 2920 suaviloquenti

138 2951 279 3016 carmine
301 2951 407 3017 Pierio
430 2952 584 3017 rationem
607 2971 767 3037 exponere
789 2959 931 3018 nostram

137 3073 169 3132 et
191 3066 285 3149 quasi
308 3087 438 3133 musaeo
463 3066 548 3132 dulci
571 3068 755 3152 contingere
778 3069 894 3145 melle;

138 3183 166 3246 si
188 3183 245 3246 tibi
266 3181 349 3248 sorte
371 3183 511 3247 animum
535 3183 594 3247 tali
615 3182 738 3247 ratione
761 3188 870 3247 tenere

137 3297 283 3361 versibus
305 3300 339 3361 in
362 3298 478 3362 nostris
501 3317 649 3380 possem,
673 3297 746 3360 dum
769 3296 925 3380 perspicis
950 3315 1073 3360 omnem

55 3431 112 3477 cco
139 3416 284 3473 naturam
307 3431 431 3494 rerum,
457 3433 521 3494 qua
544 3415 668 3476 constet
689 3416 814 3493 compta
833 3410 957 3491 figura.

185 3520 250 3585 Sed
271 3525 419 3602 quoniam
443 3525 536 3591 docui
559 3524 754 3590 solidissima
777 3523 922 3588 materiai

140 3654 275 3718 corpora
297 3643 449 3732 perpetuo
473 3641 607 3705 volitare
630 3639 748 3703 invicta
768 3658 826 3722 per
849 3659 983 3723 aevom,

142 3771 224 3816 nune
247 3767 329 3833 age,
353 3753 488 3815 summai
510 3754 671 3835 quaedam
694 3753 828 3819 siclinis
852 3772 982 3836 eorum,

140 3865 325 3946 nemesii,
350 3861 554 3930 evolvamus:
578 3869 653 3932 item
676 3869 764 3951 quod
786 3869 882 3934 inane
906 3874 1097 3951 repertumst

64 4001 118 4047 999
141 4000 199 4046 990
222 3980 312 4046 10009
334 3998 373 4043 90
396 3976 555 4061 spatium,
578 3999 629 4046 res
651 3982 685 4046 in
707 4004 770 4066 quo
793 4002 941 4065 quaeque
963 3990 1133 4067 gerantur,

141 4095 367 4178 pervideamus
390 4097 492 4156 utrum
515 4091 637 4156 finitum
659 4095 800 4162 funditus
823 4119 916 4164 omne

146 4338 193 4386 991
215 4337 296 4400 magis
317 4335 331 4406 ΙΙ
351 4340 400 4386 939
420 4352 518 4401 porge.
540 4331 553 4405 Η
575 4337 624 4384 942
646 4336 712 4384 facto
734 4333 746 4402 ΙΙ
768 4340 817 4386 943
837 4341 919 4390 vidct.
940 4337 954 4408 Η
975 4341 1025 4388 954
1044 4337 1096 4387 Nec
1116 4339 1148 4388 sit
