3266 4994
700 357 757 418 1111

115 549 150 595 55
176 548 309 610 corpora
332 547 383 592 res
406 527 541 602 multae,
557 527 674 610 partim
699 525 817 590 diffusa
840 527 961 610 solute,

174 642 290 706 robora
313 661 371 705 ceu
393 643 511 703 sumum
534 641 660 704 mittunt
681 642 835 722 ignesque
857 662 1029 724 vaporem,

175 763 207 822 et
227 756 344 840 partim
368 761 515 820 contexta
539 755 643 835 magis
665 755 911 835 condensaque,
927 762 960 820 ut
983 757 1058 821 oiim

175 893 244 936 cum
267 870 376 934 teretis
398 878 519 952 ponunt
541 870 665 934 tunicas
688 874 811 934 aestate
834 869 984 954 cicadae,

173 992 205 1051 et
227 985 315 1049 vituli
336 1004 410 1074 cuin
433 985 636 1050 membranas
658 985 699 1048 do
722 1003 855 1066 corpore
878 1003 1000 1050 summo

113 1125 148 1169 oo
174 1104 343 1166 nascentes
365 1099 510 1175 mittunt,
528 1105 558 1163 et
580 1098 655 1162 item
678 1119 748 1163 cum
771 1099 894 1164 lubrica
918 1121 1050 1184 serpens

174 1215 261 1280 exuit
282 1215 315 1277 in
338 1213 438 1296 spinis
460 1221 603 1278 vestem:
619 1234 694 1277 nam
718 1233 813 1296 saepe
835 1215 980 1280 videmus

174 1329 301 1393 illorum
324 1328 433 1410 spoliis
456 1347 571 1411 vepres
593 1327 798 1392 volitantibus
820 1334 951 1392 auctas:

177 1462 260 1524 quae
284 1443 433 1524 quoniam
456 1442 553 1516 fiunt,
569 1442 673 1505 tenuis
697 1460 823 1522 quoque
846 1441 941 1506 debet
963 1442 1068 1525 imago

175 1557 218 1622 ab
241 1557 336 1622 rebus
359 1556 459 1638 mitti,
478 1576 599 1620 summo
623 1555 664 1619 de
687 1575 819 1639 corpore
843 1575 966 1620 rerum.

115 1695 148 1740 65
177 1693 252 1736 nam
276 1692 330 1734 eur·
351 1670 408 1732 illa
432 1669 548 1734 cadant
570 1671 673 1753 magis
696 1671 737 1734 ab
761 1670 920 1750 rebusque
942 1671 1091 1736 recedant

176 1807 270 1868 quam
295 1804 376 1868 quac
399 1784 507 1848 tenvia
530 1790 623 1862 sunt,
641 1784 816 1849 hiscendist
838 1784 927 1848 nulla
949 1793 1113 1868 potestas;

175 1901 364 1987 praesertim
387 1919 457 1964 curn
481 1898 542 1962 siut
565 1899 597 1963 in
620 1900 750 1964 summis
773 1919 907 1981 corpora
930 1901 1024 1966 rebus

175 2017 274 2080 muita
297 2015 434 2098 minuta,
450 2013 511 2078 iaci
536 2035 618 2095 quae
639 2015 763 2098 possint
786 2013 898 2078 ordine
923 2013 1034 2079 eodem

176 2152 238 2213 quo
261 2129 396 2211 fuerint,
414 2133 446 2192 et
467 2129 583 2193 formai
606 2149 733 2194 servare
757 2129 911 2210 figuram,

118 2266 150 2313 ro
176 2249 207 2308 et
228 2243 327 2306 multo
351 2242 462 2326 citius,
480 2251 598 2323 quanto
622 2243 726 2308 minus
748 2243 928 2327 indupediri

174 2377 281 2443 pauca
304 2367 424 2438 queunt
448 2362 481 2422 et
503 2378 586 2439 quae
610 2363 683 2422 sunt
704 2359 810 2442 prima
832 2357 936 2422 fronte
958 2358 1084 2422 locata.

178 2495 252 2538 nam
275 2479 360 2537 corte
383 2471 488 2539 iacere
511 2492 549 2536 ao
571 2473 679 2554 largiri
703 2471 803 2535 inulta
826 2472 989 2553 videmus,

178 2608 242 2653 non
266 2591 369 2653 solum
393 2611 432 2654 ex
455 2590 519 2653 alto
542 2585 754 2668 penitusque,
772 2593 804 2648 ut
826 2583 963 2648 diximus
987 2589 1082 2668 ante,

176 2723 286 2768 verum
311 2706 350 2768 de
373 2705 503 2770 summis
526 2703 629 2786 ipsum
654 2717 782 2782 quoque
804 2717 902 2782 saepe
925 2700 1085 2764 colorem.

120 2839 152 2886 75
179 2825 210 2882 et
232 2818 328 2900 volgo
352 2818 473 2884 faciunt
494 2817 528 2880 id
550 2815 637 2880 lutea
661 2832 816 2895 russaque
838 2813 912 2878 vcia

179 2940 209 2996 et
231 2934 411 3018 ferrugine,
429 2953 519 3014 cum,
536 2930 660 3014 magnis
683 2929 805 2994 intenta
827 2926 979 3005 theatris,

177 3067 235 3131 per
258 3050 359 3112 malos
380 3049 513 3130 volgata
535 3031 705 3127 trabesque
728 3045 895 3108 trementia
916 3041 1045 3108 flutant:

178 3183 313 3244 namque
336 3163 380 3226 ibi
404 3181 590 3228 consessum
613 3158 726 3224 caveai
750 3164 858 3243 supter
881 3163 912 3222 et
934 3177 1061 3222 omnem

178 3276 305 3342 scaenai
329 3277 467 3360 speciem
495 3276 635 3360 pulcram
658 3274 844 3354 variumque
868 3271 1016 3336 decorem

124 3410 156 3456 co
181 3391 322 3456 inficiunt
345 3397 524 3472 coguntque
548 3411 606 3455 suo
629 3389 753 3452 fluitare
776 3386 902 3451 colore:

181 3509 212 3568 et
233 3511 353 3587 quanto
376 3505 492 3571 circum
515 3524 609 3588 mage
632 3507 706 3566 sunt
728 3504 866 3581 angusta
889 3495 1006 3562 theatri

180 3621 330 3698 moenia,
345 3628 409 3686 tam
432 3621 537 3700 magis
560 3621 641 3682 haec
663 3616 747 3679 intus
770 3612 902 3698 perfusa
924 3612 1033 3694 lepore

179 3735 285 3798 omnia
307 3734 473 3798 conrident
495 3738 641 3817 correpta
663 3731 735 3794 luce
758 3727 839 3793 diei.

179 3866 256 3930 ergo
280 3848 379 3912 lintea
403 3847 443 3910 de
467 3867 588 3910 summo
612 3866 682 3911 cum
707 3862 840 3928 corporo
861 3840 966 3908 fucum

122 3981 154 4030 85
180 3961 326 4039 mittunt,
344 3960 471 4044 effigias
494 3973 620 4041 quoque
642 3960 760 4026 debent
782 3958 905 4022 mittere
927 3955 1030 4022 tenvis

184 4232 217 4278 63
236 4229 300 4278 debe
321 4226 333 4295 Η
355 4231 387 4278 68
407 4244 509 4280 eorum.
534 4224 548 4296 Η
574 4230 602 4276 71
624 4240 688 4288 quae
707 4225 847 4276 omissum.
868 4219 881 4291 Η
908 4226 938 4272 72
959 4221 1047 4284 iergiri
1073 4217 1087 4286 Η
1113 4222 1142 4266 77
1163 4217 1268 4267 fluctus.
1290 4213 1303 4286 hl

187 4319 218 4366 79
241 4315 347 4367 Scaena}
369 4313 382 4384 Η
401 4323 501 4380 petrum
519 4323 679 4376 matrumque
698 4311 818 4361 deorum.
839 4308 851 4378 ti
872 4311 903 4357 81
923 4309 1061 4366 inclaustra
