3266 4994
363 385 424 455 164
909 379 936 446 V

361 556 505 622 sentibus
529 555 686 637 obducat,
703 553 734 618 ni
756 554 804 619 vis
826 554 968 624 bumana
990 553 1118 640 resistat

359 670 437 735 vitai
460 689 558 735 causa
580 667 690 735 valido
714 673 868 734 consucta
889 647 1037 738 bidenti.
1319 707 1335 740 ,

359 785 520 867 ingemere
544 790 576 848 et
596 789 714 848 terram
737 769 857 868 pressis
879 780 1084 867 proscindere
1105 783 1241 850 aratris.
1304 839 1312 850 .

286 918 336 966 210
362 899 388 964 si
412 919 475 963 non
497 897 651 962 fecundas
672 903 835 964 vertentes
857 916 986 962 vomere
1009 896 1122 979 glebas

358 1013 517 1094 terraique
540 1011 642 1077 solum
665 1011 852 1096 subigentes
875 1011 975 1076 cimus
997 1010 1040 1076 ad
1064 1017 1173 1094 ortus,
1231 1059 1237 1072 .

362 1133 475 1210 sponte
498 1147 556 1190 sna
579 1129 740 1208 nequeant
762 1125 899 1207 liquidas
923 1125 1059 1191 existere
1082 1126 1114 1190 in
1138 1147 1257 1204 auras,

361 1245 391 1304 ct
413 1247 520 1306 tamen
542 1240 625 1304 inter
647 1239 722 1304 dunr
745 1259 863 1322 magno
887 1241 1033 1323 quaesita
1055 1240 1166 1308 labore

360 1374 431 1419 cunr
452 1354 516 1420 iarn
540 1374 598 1452 per
617 1359 721 1420 terras
743 1353 892 1421 frondent
914 1361 1011 1437 atque
1034 1356 1141 1420 omnia
1163 1355 1296 1440 florent,

284 1489 334 1536 215
360 1474 416 1534 aut
438 1469 542 1534 nimiis
565 1475 664 1534 torret
685 1470 862 1535 fervoribus
884 1469 1043 1534 aetherius
1066 1471 1115 1538 sol

361 1592 415 1650 aut
437 1584 530 1651 subiti
554 1591 720 1669 peremunt
741 1585 852 1650 imbris
875 1584 1069 1666 gelidaeque
1092 1585 1246 1669 pruinae,

360 1697 526 1780 flabraque
548 1705 713 1763 ventorum
736 1698 876 1764 violento
900 1699 1024 1764 turbine
1048 1705 1184 1764 vexant.

361 1819 527 1896 praeterea
549 1833 650 1895 genus
673 1812 862 1876 horriferum
887 1817 998 1886 natura
1022 1812 1163 1878 ferarum

359 1926 519 1992 humanae
541 1927 627 2009 genti
649 1925 798 1990 infestum
822 1933 970 2008 terraque
992 1928 1137 2008 marique

286 2061 336 2108 220
362 2061 416 2107 cur
437 2041 494 2105 alit
516 2046 610 2122 atque
634 2041 755 2124 auget?
773 2059 826 2104 cur
848 2040 923 2104 anni
947 2046 1091 2126 tempora
1114 2041 1242 2107 morbos

360 2157 548 2240 atportant?
564 2174 664 2238 quare
688 2175 772 2220 mors
794 2155 954 2220 inmatura
975 2157 1136 2238 vagatur?

359 2275 424 2334 turn
447 2291 542 2356 porro
566 2290 663 2354 puer,
680 2275 714 2334 ut
736 2273 840 2334 saevis
864 2269 1024 2352 proiectus
1047 2271 1088 2334 ab
1112 2270 1206 2334 undis

360 2384 487 2462 navita,
504 2384 606 2449 nudus
628 2385 715 2449 humi
738 2385 846 2468 iacet,
859 2382 984 2460 infans,
1000 2384 1128 2468 indigus
1151 2385 1236 2450 omui

361 2499 452 2564 vitali
474 2498 614 2583 auxilio,
632 2520 702 2565 cunr
726 2498 862 2584 primurn
885 2499 918 2562 in
941 2498 1069 2563 luminis
1092 2518 1167 2564 oras
1223 2583 1229 2596 ι

285 2635 336 2682 225
362 2614 490 2678 nixibus
512 2633 551 2679 ex
575 2614 648 2678 alvo
671 2613 781 2678 matris
803 2618 918 2677 natura
941 2612 1103 2697 protudit,

362 2728 535 2810 vagituque
557 2728 660 2794 locum
684 2727 812 2810 lugubri
836 2728 991 2812 complet,
1007 2733 1042 2792 ut
1064 2734 1205 2792 aecumst

361 2842 411 2906 cui
433 2848 553 2907 tantum
578 2843 609 2906 in
632 2842 697 2906 vita
718 2847 816 2908 restet
836 2843 973 2908 transire
996 2842 1170 2906 malorum.
1247 2919 1250 2926 ,

361 2962 395 3020 at
415 2957 522 3021 variae
545 2963 691 3020 crescunt
711 2955 851 3040 pecudes
875 2962 1020 3021 armenta
1041 2956 1213 3046 feraeque,

361 3089 422 3137 nec
444 3068 647 3155 crepitacillis
671 3090 750 3152 opus
773 3075 840 3154 est,
857 3091 917 3136 nec
940 3071 1086 3154 cuiquam
1108 3071 1322 3136 adhibendast

286 3205 337 3252 aao
362 3186 466 3252 almae
488 3183 619 3248 nutricis
640 3183 762 3249 blanda
784 3191 880 3268 atquc
902 3184 1038 3250 infracta
1059 3185 1221 3268 loquella,

361 3320 422 3366 nec
443 3299 547 3364 varias
571 3305 727 3380 quaerunt
749 3307 854 3366 vestes
876 3321 933 3384 pro
957 3305 1101 3388 tempore
1123 3299 1225 3386 caeli,

359 3415 497 3497 denique
521 3435 584 3480 non
607 3415 703 3480 armis
726 3435 807 3499 opus
830 3422 897 3498 est,
915 3436 978 3480 non
1002 3415 1167 3480 moenibus
1190 3416 1283 3492 altis,

361 3531 415 3613 qui
438 3550 496 3594 sua
518 3534 675 3613 tutentur,
694 3529 821 3612 quando
844 3530 992 3596 omnibus
1015 3529 1123 3595 omnia
1144 3530 1236 3610 large

359 3647 454 3710 tellus
476 3645 548 3729 ipsa
570 3645 655 3730 parit
677 3652 854 3727 naturaque
878 3644 1017 3709 daedala
1040 3662 1144 3708 rerum
1158 3641 1184 3729 .]

285 3781 335 3828 aas
403 3760 562 3844 Principio
586 3760 734 3843 quoniam
758 3760 856 3826 terrai
879 3776 994 3841 eorpus
1018 3763 1049 3821 et
1071 3776 1161 3820 umor

359 3895 572 3958 aurarumque
594 3876 681 3939 leves
704 3874 829 3938 animae
852 3870 1012 3952 calidique
1035 3890 1191 3956 vapores,

358 4009 376 4057 e
399 3990 514 4074 quibus
536 3990 616 4054 haec
638 4007 742 4052 rerum
765 3967 937 4052 consistere
960 4005 1084 4050 summa
1106 3986 1249 4064 videtur,

357 4163 557 4172 *-

362 4266 412 4313 208
432 4263 544 4314 dibenti.
569 4259 582 4329 Η
608 4263 658 4310 209
677 4261 755 4312 atris.
782 4258 796 4330 ΙΙ
820 4264 870 4310 211
891 4261 1034 4324 Terraeque
1059 4257 1072 4328 Η
1099 4261 1148 4310 223
1169 4257 1288 4322 indignus
1315 4255 1329 4326 Η
1355 4260 1403 4308 227
1430 4265 1484 4308 reat

361 4351 489 4402 transireat
509 4349 522 4417 ΙΙ
543 4352 593 4398 230
612 4349 690 4396 Arrne
710 4347 723 4416 Η
744 4349 862 4412 loquela.
