3266 4994
683 387 741 450 ΠΠ

82 563 306 623 1001000001·οο
330 559 438 623 iacere
461 564 496 622 ut
518 559 644 642 possint
664 558 863 642 intempore
886 559 998 624 ludos.

151 692 191 736 an
215 673 318 756 magis
341 673 422 737 illud
445 674 503 738 erit
524 673 661 769 verum?
678 673 752 755 quia
775 678 917 757 tempore
941 675 973 737 in
996 695 1058 738 uno

83 808 126 854 rac
150 794 296 872 tempora
319 788 418 852 multa
440 779 562 871 latent,
580 788 659 862 ratio
685 807 766 870 quae
790 788 944 872 comperit
966 809 1056 865 0000,

148 907 319 986 propterea
341 901 375 966 fit
397 903 441 966 uti
466 903 578 984 quovis
601 903 799 986 intempore
823 923 971 985 quaeque

148 1023 256 1100 presto
281 1017 344 1083 sint
366 1019 538 1084 simulacra
560 1018 638 1082 locis
661 1017 693 1082 in
718 1019 852 1100 quisque
875 1025 1007 1102 parata.

79 1149 124 1196 sos
149 1137 180 1197 00
201 1132 279 1215 quia
301 1133 408 1198 tenvia
430 1138 522 1216 sunt,
538 1132 600 1198 nisi
620 1152 655 1198 00
677 1133 857 1215 contendit,
874 1140 966 1198 acute

149 1265 281 1312 cernere
303 1268 366 1312 non
389 1248 472 1332 potis
496 1254 544 1313 est
566 1247 712 1312 animus:
730 1247 863 1331 proinde
886 1250 992 1313 omnia
1015 1251 1099 1331 quae
1122 1256 1195 1314 sunt

147 1367 319 1442 praeterea
340 1369 494 1447 pereunt,
511 1362 572 1427 nisi
596 1363 624 1427 01
647 1382 728 1444 quae
751 1362 793 1426 ad
817 1363 944 1447 seipse
967 1364 1113 1446 paravit.

77 1492 123 1538 000
146 1473 216 1557 ipse
239 1482 336 1559 parat
358 1497 429 1542 0000
452 1497 566 1560 porro,
582 1485 751 1560 speratque
774 1477 914 1542 futurum
1101 1461 1105 1468 ⁸

147 1595 182 1654 ut
203 1589 313 1654 videat
336 1590 420 1672 quod
445 1591 647 1673 consequitur
669 1611 734 1656 rem
759 1611 939 1673 quamque:
955 1591 989 1655 tit
1012 1612 1107 1675 ergo.

146 1724 252 1770 nonne
276 1703 367 1770 vides
391 1706 501 1770 oculos
524 1706 641 1790 etiarn,
659 1727 727 1770 curn
751 1706 858 1772 tenvia
882 1714 1061 1787 quaesunt

77 1837 123 1884 soe
149 1839 280 1886 cernere
304 1826 495 1906 coeperunt,
513 1821 705 1886 contendere
728 1842 762 1888 se
785 1827 880 1903 atque
903 1841 1038 1905 parare,

147 1954 204 2000 000
226 1936 298 2000 0100
321 1956 358 2001 00
383 1937 449 2001 fieri
472 1957 568 2020 posse
592 1942 626 2000 ut
649 1956 818 2002 cernamus
841 1938 959 2001 acute?

147 2055 178 2112 et
199 2055 307 2115 tamen
329 2051 361 2114 in
384 2051 479 2116 rebus
503 2072 628 2134 quoque
651 2054 770 2137 apertis
793 2072 924 2118 noscere
948 2052 1073 2135 possis,

146 2163 172 2227 si
193 2185 260 2231 000
284 2165 435 2231 advertas
459 2167 618 2242 animum,
635 2167 769 2251 proinde
792 2187 863 2232 0000
886 2167 978 2248 quasi
1002 2167 1088 2231 omni

145 2281 288 2363 ternpore
311 2286 466 2345 semotum
489 2280 584 2345 fuerit
606 2282 764 2365 longeque
786 2287 961 2346 remotum.
1089 2261 1093 2272 ⁴

146 2411 199 2455 cur
221 2393 320 2475 igitur
342 2395 504 2477 mirumst,
522 2395 645 2459 animus
668 2397 695 2460 si
718 2402 821 2460 cetera
844 2397 948 2480 perdit

78 2518 122 2568 ara
147 2513 394 2589 praeterquam
418 2507 531 2588 quibus
554 2507 657 2572 estin
680 2511 776 2574 rebus
799 2509 925 2574 deditus
947 2510 1043 2593 ipse?

145 2618 264 2686 deinde
288 2621 500 2704 adopinamur
524 2621 564 2687 de
587 2622 688 2704 signis
712 2623 852 2686 maxima
874 2624 1001 2706 parvis,

146 2754 185 2799 ac
208 2756 269 2799 nos
288 2734 321 2797 in
344 2734 493 2799 fraudem
515 2736 676 2802 induimus
698 2737 912 2803 frustraminis
935 2737 1035 2825 ipsi]

186 2848 237 2912 Fit
260 2868 387 2930 quoque
410 2855 446 2913 ut
466 2850 547 2915 inter
571 2853 644 2916 dum
667 2872 733 2917 non
755 2851 975 2937 suppeditetur
996 2853 1103 2937 imago

146 2960 289 3028 eiusdem
311 2963 459 3044 generis,
476 2965 534 3030 scd
548 2966 676 3033 ¹femina
699 2989 783 3051 quae
806 2967 864 3031 fuit
887 2975 981 3052 ante,

75 3087 121 3138 sno
146 3073 181 3138 in
201 3075 349 3142 manibus
372 3078 419 3142 vir
442 3080 487 3144 uti
508 3082 611 3147 sactus
633 3081 779 3148 videatur
801 3084 937 3161 adesse,

144 3197 198 3254 aut
221 3191 287 3255 alia
310 3211 350 3255 011
372 3192 438 3257 alia
459 3193 559 3261 facies
581 3204 733 3278 aetasque
757 3203 927 3279 sequatur.

77 3313 122 3363 sac
147 3304 233 3384 quod
256 3324 296 3392 ne
319 3306 468 3372 miremur
491 3328 587 3392 sopor
609 3317 706 3392 atque
729 3310 850 3376 oblivia
873 3317 1002 3374 curant.

79 3425 124 3475 sna
188 3418 288 3505 [Illud
311 3419 342 3483 in
367 3420 414 3486 his
437 3422 549 3488 vitium
571 3429 735 3488 vementes
757 3424 845 3489 rebu'
867 3428 1028 3503 necessest

147 3531 305 3614 effugere,
322 3553 459 3600 errorem
482 3537 645 3618 vitareque
667 3543 946 3620 praemetuenter,

144 3642 265 3712 lumina
287 3669 327 3712 ne
350 3648 451 3714 facias
474 3653 638 3717 oculorum
662 3651 748 3716 clara
771 3657 898 3733 creata,

75 3766 121 3817 aas
145 3761 329 3844 prospicere
352 3768 387 3825 ut
407 3783 593 3849 possemus,
610 3771 641 3830 et
663 3770 697 3828 ut
718 3763 863 3850 proferre
888 3786 1040 3848 queamus

144 3955 344 3966 Q*—

149 4091 197 4138 798
216 4091 256 4140 sin
276 4087 288 4158 Η
309 4092 379 4140 10000
400 4088 413 4159 ΙΙ
435 4094 806 4144 799—801=774771772.
828 4093 840 4162 tt
861 4098 910 4146 802
924 4098 1035 4160 nisique
1055 4095 1068 4165 11
1089 4101 1140 4148 804
1153 4100 1174 4147 01
1188 4099 1264 4150 omis·

148 4190 220 4226 sum.
241 4175 254 4244 11
274 4193 306 4227 011
327 4177 339 4245 ΙΙ
360 4179 551 4229 800111001010.
573 4175 586 4246 {l
607 4182 770 4230 808=804.
791 4180 804 4249 Η
826 4185 981 4233 811000010
1001 4181 1014 4251 Η
1035 4185 1263 4254 81511000010011

149 4263 198 4310 818
218 4279 264 4314 000
291 4261 304 4332 Η
329 4266 485 4316 8200110001
512 4263 525 4334 11
550 4265 859 4318 8221110000000101001
876 4269 1035 4319 vehementer
1053 4271 1148 4320 inesse.
1174 4269 1187 4340 Η
1213 4276 1263 4324 823

148 4349 278 4412 ulturequc
298 4349 311 4420 Η
332 4354 382 4402 820
402 4354 526 4417 possimus
546 4349 559 4420 Η
580 4352 638 4401 via.
