3236 5020
651 371 664 402 '
710 387 725 450 1

160 569 337 628 contextum
359 563 407 626 vis
432 554 561 626 deberet
583 559 759 622 dissolvere
782 573 950 636 quaeque.

159 687 190 742 at
212 697 316 757 nuno,
339 676 420 740 inter
442 695 477 739 se
501 675 576 755 quia
599 691 699 736 nexrrs
724 670 951 754 principiorum

86 813 138 858 245
160 790 331 856 dissimiles
358 795 505 853 constant
528 794 726 867 aeternaque
749 784 897 848 materies
919 791 986 860 est,

159 904 310 969 ineolumi
333 908 496 967 remanent
518 923 568 968 res
592 920 744 984 corpore,
769 897 945 962 dumsatio
969 898 1051 961 aeris

157 1019 208 1082 vis
234 1017 330 1080 obeat
350 1025 408 1098 pro
432 1022 554 1080 textura
577 1016 732 1095 cuiusque
755 1018 901 1095 reperta.

162 1130 251 1194 haud
272 1129 369 1210 igitur
391 1128 470 1193 redit
491 1131 532 1194 ad
555 1130 653 1195 nilum
679 1147 730 1192 res
752 1125 838 1209 ulla,
862 1126 917 1189 sed
943 1145 1051 1189 omnes

164 1243 296 1309 discidio
320 1235 454 1309 redeunt
473 1247 506 1309 in
530 1263 665 1327 corpore
688 1239 852 1304 materiai.

92 1381 144 1426 ⁴250
163 1361 322 1442 postremo
346 1366 482 1442 pereunt
501 1360 620 1423 imbres
632 1407 646 1444 ².
663 1357 717 1420 ubi
741 1375 797 1419 eos
818 1362 909 1437 pater
930 1353 1039 1418 aether

159 1474 192 1537 in
215 1474 369 1556 gremium
392 1473 504 1535 matris
526 1472 623 1535 terrai
646 1469 882 1553 praecipitavit:

160 1595 193 1650 at
215 1587 336 1649 nitidae
359 1590 492 1666 surgunt
514 1583 643 1663 fruges,
668 1585 809 1665 ramique
829 1584 989 1648 virescunt

164 1699 334 1762 arboribus
348 1738 364 1780 ,·
379 1703 523 1762 creseunt
545 1697 635 1780 ipsae
657 1696 787 1780 fetuque
810 1705 999 1780 gravantur:

166 1813 239 1877 hino
262 1813 357 1876 alitur
379 1833 472 1895 pono
496 1818 637 1880 nostrum
660 1834 761 1897 genus
783 1820 879 1897 atque
902 1815 1058 1878 ferarum:

94 1949 145 1994 aas
167 1927 239 1990 bino
261 1927 362 1991 laetas
385 1913 480 1990 urbes
502 1929 608 2010 pueris
630 1928 743 1994 florere
766 1928 932 2011 videmus,

164 2039 419 2124 frondiferasque
442 2044 533 2108 novis
555 2044 668 2108 avibus
691 2062 806 2106 oanere
828 2041 967 2124 undique
990 2042 1108 2107 silvas:

163 2154 235 2219 bino
258 2155 365 2222 fessae
387 2158 528 2241 pecudes
550 2158 662 2240 pingui
685 2163 743 2240 per
765 2157 886 2240 pabula
910 2157 997 2221 laeta

162 2289 297 2354 eorpora
321 2272 503 2356 deponunt,
528 2279 559 2334 et
581 2270 724 2336 oandens
744 2272 867 2336 iaoteus
889 2291 980 2335 umor

163 2385 313 2450 uberibus
336 2393 447 2450 manat
471 2387 636 2450 distentis:
661 2386 733 2448 hine
755 2405 840 2449 nova
862 2385 971 2468 proles

93 2519 145 2564 aoo
164 2501 296 2564 artubus
318 2500 451 2564 infirmis
472 2506 602 2563 teneras
624 2499 748 2562 lasciva
770 2519 827 2580 per
849 2499 967 2563 herbas

164 2612 243 2677 rudit
265 2615 348 2678 laete
371 2633 459 2676 mero
482 2616 605 2674 mentes
627 2611 777 2692 perculsa
799 2611 964 2675 novellas.

164 2726 252 2790 baud
274 2726 372 2804 igitur
394 2725 522 2807 penitus
544 2729 679 2804 pereunt
702 2743 786 2803 quae
809 2742 945 2804 eumque
967 2722 1133 2798 videntur;

164 2838 294 2920 quando
317 2836 384 2901 alid
408 2856 448 2901 ex
471 2837 535 2901 alio
559 2837 658 2901 refieit
680 2843 814 2917 natura,
837 2858 898 2904 neo
920 2838 1018 2902 ullam

129 2974 229 3079 vrem
252 2952 341 3036 gigni
364 2953 501 3035 patitur,
525 2952 588 3018 nisi
610 2959 710 3019 morte
732 2955 843 3018 adiuta
865 2954 990 3020 aliena.

96 3092 146 3138 aot
209 3069 303 3134 Nune
324 3089 404 3151 age,
428 3088 479 3134 res
502 3069 652 3149 quoniam
675 3065 778 3134 docui
791 3089 856 3134 non
878 3088 976 3153 posse
998 3069 1098 3133 ornari

165 3183 206 3246 de
228 3183 293 3246 uilo
318 3202 421 3263 neque
444 3183 519 3246 item
543 3184 671 3264 genitas
693 3183 736 3248 ad
758 3184 803 3248 nil
825 3185 990 3268 revocari,

167 3315 207 3361 ne
229 3316 294 3378 qua
315 3296 398 3362 forte
419 3304 524 3361 tamen
548 3305 677 3382 coeptes
700 3299 844 3364 diffidere
867 3299 979 3377 dietis,

164 3411 250 3493 quod
272 3420 433 3493 nequeunt
456 3413 557 3477 oeulis
579 3433 684 3478 rerum
708 3413 882 3496 primordia
905 3413 1010 3496 oemi,

168 3525 279 3609 accipe
301 3533 465 3608 praeterea
488 3547 571 3609 quae
594 3547 727 3611 eorpora
749 3534 816 3592 tute
838 3534 1002 3592 necessest

99 3663 148 3708 aro
167 3639 336 3706 confiteare
359 3663 431 3708 esse
454 3644 486 3706 in
510 3643 606 3706 rebus
628 3662 686 3707 nee
708 3661 806 3725 posse
827 3641 951 3707 videri.

164 3756 318 3840 prineipio
341 3758 427 3821 venti
448 3757 497 3820 vis
520 3756 666 3821 verberat
689 3757 786 3821 ineita
808 3763 916 3822 cautes

165 3871 368 3952 ingentisque
389 3869 452 3932 ruit
472 3871 563 3934 navis
586 3878 618 3936 et
639 3871 751 3937 nubila
777 3871 899 3954 differt,

164 3985 248 4049 inter
271 3983 346 4048 dum
368 3981 480 4065 rapido
503 4002 691 4064 pereurrens
713 3985 839 4051 turbine
861 4005 993 4069 campos
1093 4004 1096 4010 ·

166 4098 333 4164 arboribus
355 4095 481 4178 magnis
504 4095 616 4160 sternit
637 4099 816 4180 montisque
838 4121 1004 4184 supremos

167 4351 216 4400 257
236 4348 338 4416 pinguis
358 4343 371 4416 ΙΙ
392 4349 442 4396 263
461 4362 494 4400 ex
512 4345 563 4396 allo
585 4342 598 4414 Η
618 4347 669 4398 264
689 4346 776 4396 adiuta
796 4345 809 4418 Η
830 4352 878 4398 271
899 4359 1000 4404 cortus.
