3236 5020
374 314 434 416 24'
932 349 946 411 1

377 523 519 580 naturam
544 537 637 597 quam
661 523 745 580 totus
768 516 865 580 habet
887 538 982 601 snper
1004 519 1089 600 ignis
1112 519 1285 585 haberent.

301 652 351 698 666
376 630 480 696 acrior
502 631 598 694 ardor
619 631 704 714 enim
728 631 893 695 conductis
914 631 1062 715 partibus
1083 640 1187 717 esset,

375 744 559 829 languidior
580 765 674 828 porro
698 745 837 810 disiectis
860 745 973 826 disque
999 747 1142 830 supatis:

377 859 514 943 amplius
536 859 688 924 hoo'lieri
712 859 757 922 nil
780 860 935 940 estquod
958 879 1054 944 posse
1076 862 1179 926 rearis

375 974 493 1038 talibus
515 974 546 1037 in
571 974 695 1048 causis,
718 992 760 1036 ne
782 971 856 1035 dum
877 973 1036 1038 variantia
1059 993 1162 1038 rerum

376 1094 464 1151 tanta
487 1094 582 1169 queat
604 1087 715 1153 densis
738 1087 883 1167 rarisque
906 1106 944 1150 ex
966 1088 1093 1167 ignibus
1116 1109 1209 1156 esse.

301 1223 351 1269 656
376 1202 408 1264 id
432 1221 578 1284 quoque,
603 1203 629 1264 si
652 1201 774 1265 laniant
796 1200 970 1264 admixtum
994 1203 1089 1269 rebus
1112 1205 1228 1288 inane,

377 1316 504 1380 denseri
527 1321 676 1398 poterunt
697 1316 788 1398 ignes
808 1315 936 1397 rarique
957 1316 1115 1398 relinqui:

375 1429 432 1494 sed
456 1431 530 1511 quia
552 1431 652 1493 multa
675 1429 736 1493 sibi
760 1436 890 1493 eernunt
913 1431 1071 1494 eontraria
1095 1431 1209 1498 adesse

376 1551 407 1609 et
428 1543 565 1627 fugitant
586 1543 620 1606 in
642 1545 737 1608 rebus
750 1543 856 1606 'inane
879 1544 1059 1626 relinquere
1081 1567 1216 1631 purum,

376 1659 478 1722 ardua
501 1656 575 1721 dum
600 1663 761 1732 metuunt,
785 1658 932 1721 amittunt
954 1679 1029 1722 vera
1049 1661 1131 1736 vini,

301 1794 351 1839 660
375 1792 435 1837 neo
456 1793 580 1836 rursum
604 1779 734 1836 oermmt
756 1778 904 1855 exempto
927 1772 1021 1837 rebus
1044 1773 1132 1838 inani

376 1888 483 1950 omnia
504 1886 631 1949 denseri
653 1884 786 1967 fierique
809 1906 848 1951 ex
872 1887 1019 1952 omnibus
1041 1907 1138 1952 unum

377 2021 511 2084 eorpus,
534 2001 577 2063 uil
601 2001 641 2064 ab
664 2020 699 2066 se
723 2001 810 2081 quod
831 2002 934 2084 possit
956 2001 1078 2065 mittere
1101 2004 1236 2086 raptim:

377 2114 505 2180 aestifer
528 2114 613 2195 ignis
635 2116 679 2179 uti
701 2117 808 2179 lumen
831 2115 906 2180 iaoit
929 2122 1023 2196 atque
1046 2137 1219 2200 vaporem,

375 2237 408 2293 ut
430 2228 541 2294 videas
565 2250 629 2293 non
652 2249 670 2295 e
694 2230 820 2313 stipatis
842 2230 987 2313 partibus
1010 2251 1101 2294 esse.

302 2367 351 2412 665
376 2343 462 2426 quod
485 2344 512 2408 si
534 2343 617 2407 forte
640 2345 705 2408 alia
728 2343 861 2408 eredunt
883 2332 1006 2409 ratione
1029 2352 1156 2429 potesse

375 2459 460 2542 ignis
478 2459 515 2544 ,in
537 2467 629 2523 eoetu
651 2459 768 2541 stingui
791 2466 975 2541 mutareque
999 2480 1132 2544 eorpus,

376 2574 516 2657 scilieet,
541 2594 580 2639 ex
603 2574 692 2638 nulla
715 2572 824 2638 faeere
846 2575 881 2638 id
903 2577 929 2639 si
951 2583 1044 2660 parte
1067 2585 1257 2661 repareent,

378 2689 501 2755 oeeidet
523 2689 563 2752 ad
586 2689 704 2765 nilum,
728 2690 917 2774 nimirum,
940 2691 1080 2758 funditus
1103 2694 1200 2757 ardor·

377 2805 478 2869 omnis
501 2811 532 2868 et
554 2823 571 2868 e
595 2804 660 2868 uilo
684 2803 760 2868 fient
783 2806 865 2886 quae
888 2826 1020 2888 eumque
1043 2813 1207 2881 queantur:

301 2943 351 2989 670
376 2940 449 2984 nam
473 2920 558 3001 quod
582 2939 715 3001 eumque
733 2897 804 2984 suis
825 2927 978 2985 mutatum
1001 2922 1116 2986 finibus
1139 2924 1223 2998 exit,

375 3037 522 3101 continuo
547 3037 606 3099 hoe
628 3056 713 3099 mors
737 3041 785 3100 est
805 3036 890 3102 illius
914 3039 999 3119 quod
1020 3037 1078 3100 fuit
1098 3041 1191 3099 ante.

373 3151 507 3236 proinde
530 3151 640 3230 aliquit
663 3170 813 3233 superare
837 3171 967 3221 neeesse
991 3157 1040 3215 est
1061 3151 1219 3214 ineolume
1242 3147 1335 3228 ollis,

376 3287 415 3330 ne
437 3265 493 3330 tibi
516 3285 567 3329 res
590 3265 722 3330 redeant
744 3266 785 3328 ad
808 3266 907 3329 nilum
930 3265 1072 3330 funditus
1098 3277 1207 3327 onmes

374 3381 414 3446 de
436 3380 565 3462 niloque
588 3387 699 3444 renata
721 3384 865 3462 vigeseat
888 3381 981 3463 eopia
1003 3398 1127 3442 rerum.

299 3518 348 3564 676
375 3516 458 3559 nune
480 3495 576 3576 igitur
598 3495 749 3576 quoniam
772 3495 947 3559 uertissima
970 3511 1105 3573 corpora
1128 3489 1285 3572 quaedam

373 3618 463 3693 sunt,
489 3629 569 3691 quae
593 3615 782 3674 conservant
805 3613 951 3669 naturam
973 3623 1101 3687 semper
1121 3606 1275 3682 eandem,

374 3747 506 3807 illiorum
530 3725 616 3788 abitu
640 3727 694 3786 666
716 3720 805 3784 aditu
827 3726 1011 3800 mutatoque
1033 3719 1145 3786 ordine
1167 3728 1287 3786 mutant

373 3846 519 3904 naturam
541 3857 594 3902 res
616 3843 647 3900 et
669 3839 855 3898 eonvermnt
878 3853 1013 3917 corpora
1037 3855 1128 3920 sese,

373 4145 422 4191 649
436 4140 556 4188 haberet.
580 4133 592 4203 Η
612 4137 660 4184 651
674 4135 816 4198 Langidior
830 4134 843 4205 Η
859 4139 908 4186 657
922 4155 1007 4188 muse.
1027 4137 1039 4208 Η
1061 4142 1110 4190 659
1125 4157 1168 4190 ver
1181 4142 1256 4190 aulo.
1277 4139 1290 4206 Η
1312 4142 1362 4189 660
1375 4141 1465 4189 inane.
1481 4136 1493 4207 Η
1588 4113 1589 4116 ¹

374 4231 424 4276 662
438 4226 532 4288 raptis.
553 4221 567 4291 Η
588 4222 710 4272 essurio
730 4219 743 4290 Η
764 4227 813 4272 666
834 4233 919 4275 coetus
939 4223 952 4294 Η
972 4244 1120 4290 mutareque
1141 4226 1152 4295 Η
1173 4230 1225 4277 668
1245 4227 1359 4278 funditur
1374 4227 1465 4276 arbor.
1480 4223 1492 4296 Η

375 4316 425 4366 669
439 4329 452 4365 6
466 4312 606 4364 uariarum.
627 4307 641 4380 Η
662 4315 712 4360 670
731 4321 872 4361 mutuatum
891 4311 904 4382 Η
928 4318 976 4363 671
998 4317 1107 4369 viveseat
