3236 5020
635 1263 683 1344 T.
714 1261 1008 1345 LUCRETI
1039 1261 1195 1346 CARI

458 1498 577 1596 nn
623 1437 945 1598 nusum
989 1499 1366 1602 urruns

698 1745 840 1809 urssuR
866 1744 1132 1811 SECUNDUS.

353 2215 489 2346 Suave,
514 2257 595 2328 mari
617 2283 733 2346 magne
757 2262 956 2327 turbantibus
979 2283 1121 2344 aequora
1143 2265 1246 2330 ventis
1259 2315 1266 2346 ‚

351 2395 370 2440 e
393 2381 479 2440 terra
502 2398 652 2460 magnum
676 2377 809 2441 alterius
832 2382 976 2459 spectare
999 2378 1163 2460 laborem3

352 2510 416 2553 ncn
440 2491 516 2572 quie
539 2491 648 2556 vexari
672 2497 895 2573 quemquamst
917 2491 1057 2555 iucunda
1080 2493 1248 2576 voluptas,

351 2604 409 2670 sed
433 2606 548 2686 quibus
571 2606 641 2688 ipse
663 2605 758 2669 malis
781 2624 893 2669 careas
917 2605 992 2686 quia
1016 2624 1145 2670 cernere
1169 2626 1267 2671 suave
1290 2612 1358 2671 est:

312 2741 326 2786 e
353 2739 452 2786 suave
476 2719 573 2784 etiam
596 2720 672 2784 belii
696 2720 869 2784 certamina
890 2739 1009 2800 magna
1031 2720 1112 2784 tueri

313 2855 328 2901 5
354 2852 411 2916 per
434 2852 566 2917 campus
588 2834 762 2915 instructa,
786 2838 841 2897 tua
864 2833 932 2897 sinc
956 2839 1047 2918 parte
1070 2833 1200 2916 pericli:

315 2969 327 3013 r
354 2946 411 3010 sed
434 2946 479 3010 uil
502 2945 627 3014 dulcius
650 2953 717 3032 est,
741 2948 822 3013 bene
846 2969 942 3030 quam
965 2947 1086 3010 munita
1109 2955 1216 3012 tencre

353 3059 439 3124 edita
462 3059 607 3126 doctrina
630 3063 810 3146 sapientum
833 3062 953 3146 templa
976 3079 1112 3136 serena,
1200 3035 1202 3044 ,

355 3174 521 3258 despicere
544 3176 629 3241 unde
653 3197 754 3260 queas
776 3179 858 3241 alios
880 3176 1064 3261 passimque
1087 3176 1196 3241 videre

296 3311 328 3357 10
354 3307 461 3353 errare
484 3295 581 3370 atque
604 3291 688 3355 viam
710 3292 1028 3382 patentis'quaerere
1050 3290 1157 3367 vitae,

353 3407 485 3468 certare·
497 3404 646 3490 ingenie,
670 3406 864 3471 contendere
887 3404 1073 3487 nobilitate,

354 3521 464 3580 noctes
488 3522 582 3599 atque
606 3520 674 3584 dies
696 3520 752 3583 niti
775 3523 961 3603 praestante
984 3518 1096 3582 labore

354 3632 395 3695 ad
418 3651 559 3697 summes
583 3653 747 3718 emergere
771 3653 847 3716 opes
871 3650 1041 3713 rerumque
1064 3629 1180 3713 potiri.

255 3769 261 3780 ·
356 3769 374 3811 0
397 3746 531 3812 miseras
553 3748 718 3812 hominum
740 3755 882 3829 mentes,
906 3767 924 3809 o
948 3748 1079 3827 pectora
1101 3748 1219 3810 caeca!

262 3891 266 3898 ·
299 3883 330 3930 15
355 3862 504 3943 qualibus
527 3861 560 3926 in
582 3863 724 3926 tenebris
746 3862 830 3925 vitae
854 3858 1045 3941 quantisque
1067 3859 1195 3943 periclis

354 3975 481 4057 degitur
503 3977 564 4040 hcc
587 3975 658 4040 aevi
681 3973 766 4055 quod
789 3973 974 4055 cumquest!
998 3993 1103 4038 nonne
1124 3975 1234 4041 videre

354 4091 400 4155 nil
423 4091 514 4155 aliud
536 4089 596 4155 sibi
619 4094 766 4153 naturam
789 4088 928 4167 latrare,
951 4089 1012 4154 nisi
1035 4095 1087 4172 ut,
1112 4089 1163 4153 cui

357 4335 388 4381 12
408 4333 528 4396 piabere.
550 4328 562 4399 Η
586 4334 616 4381 15
636 4331 754 4396 perietis.
776 4329 789 4400 Η
813 4336 843 4381 17
864 4333 924 4394 qui.
977 4311 980 4318 ’
