3266 4994
703 373 732 435 V

146 542 258 608 omnia
283 542 391 634 nativo
415 563 455 608 ac
478 543 602 608 mortali
626 563 759 626 corpore
782 548 948 628 constant,

144 655 245 722 debet
270 658 382 723 eodem
407 657 509 723 omnis
533 656 642 722 mundi
664 663 779 722 natura
801 657 925 741 putari.

75 791 118 836 rao
143 771 269 855 quippe
293 773 432 856 etenim,
449 792 581 854 quorum
605 771 705 855 partis
728 778 759 836 et
780 772 923 836 membra
943 771 1089 838 videmus

142 905 284 968 corpore
307 887 415 952 nativo
438 907 477 952 ac
498 886 684 951 mortalibus
707 905 778 952 esse
801 885 930 967 figuris,

141 999 227 1064 baec
253 1001 368 1066 eadem
390 1000 491 1067 ferme
513 1000 661 1066 mortalia
684 990 840 1066 cernimus
864 1020 935 1066 esse

142 1119 176 1179 ct
198 1115 313 1179 nativa
336 1115 532 1198 simulque
554 1121 684 1200 propter
705 1114 845 1179 maxima
865 1115 976 1179 mundi

143 1247 218 1292 curn
243 1229 372 1294 videam
395 1229 537 1294 membra
559 1249 599 1294 ao
621 1228 721 1312 partis
744 1235 931 1313 oonsumpta
953 1231 1096 1315 regigni,

71 1362 116 1408 ars
142 1342 232 1408 scire
255 1342 331 1408 licet
352 1342 434 1408 caeli
456 1363 583 1425 quoquc
604 1344 680 1408 item
703 1349 869 1424 terraeque
891 1342 991 1409 fuisse

142 1456 339 1542 principiale
362 1456 491 1540 aliquod
513 1461 639 1541 tempus
662 1457 851 1538 clademque
873 1456 1031 1524 suturam.

182 1572 271 1636 Illud
295 1571 328 1635 in
350 1571 400 1636 bis
422 1573 518 1640 rebus
539 1591 580 1636 ne
604 1571 793 1655 corripuisse
816 1572 915 1636 rearis

142 1705 197 1751 me
222 1685 321 1764 mibi,
338 1684 426 1768 quod
447 1692 565 1751 terram
588 1693 684 1772 atque
707 1687 812 1769 ignem
835 1685 983 1750 mortalia
1005 1662 1126 1773 sumpsi

141 1817 241 1878 esse,
258 1819 364 1882 neque
387 1820 528 1865 umorem
553 1800 694 1866 dubitavi
719 1819 880 1883 aurasque
902 1800 1025 1883 perire,

71 1932 117 1980 aso
142 1921 243 1997 atque
266 1914 381 1980 eadem
404 1914 493 1996 gigni
517 1935 688 1996 rursusque
711 1935 885 1998 augescere
908 1915 995 1995 dixi,

140 2028 304 2113 principio
327 2047 404 2112 pars
425 2031 522 2095 terrai
544 2049 608 2093 non
631 2031 741 2108 nulla,
757 2038 887 2114 perusta

143 2143 271 2208 solibus
292 2142 456 2219 adsiduis,
474 2143 573 2206 multa
595 2145 721 2226 pulsata
743 2144 859 2228 pedum
881 2145 934 2230 vi,

141 2257 289 2342 pulveris
311 2257 442 2323 exhalat
463 2256 614 2322 nebulam
636 2260 801 2342 nubesque
824 2261 983 2339 volantis,

141 2392 227 2456 quas
249 2371 350 2439 validi
372 2377 437 2436 toto
461 2371 650 2454 dispergunt
673 2382 748 2440 a'e're
770 2375 874 2440 venti.

75 2503 118 2552 aas
142 2508 223 2572 pars
247 2486 342 2552 etiarn
365 2485 531 2571 glebarum
554 2486 597 2551 ad
620 2486 771 2553 diluviem
794 2494 963 2553 revocatur

142 2602 322 2685 imbribus,
339 2609 371 2666 et
392 2601 479 2684 ripas
501 2602 648 2667 radentia
669 2601 799 2665 flumina
822 2602 958 2668 rodunt.

142 2722 317 2802 praeterea
338 2736 397 2800 pro
420 2721 510 2799 parte
533 2736 612 2793 sua,
629 2713 715 2798 quod
738 2734 871 2798 cumque
894 2714 961 2780 alid
984 2723 1101 2800 auget,

142 2831 306 2898 redditur:
324 2838 356 2896 et
378 2831 528 2914 quoniam
552 2828 649 2894 dubio
672 2830 783 2912 procul
805 2849 877 2896 esse
899 2831 1024 2897 videtur

145 2945 353 3031 omniparens
376 2947 488 3011 eadem
511 2962 616 3008 rerum
640 2964 805 3012 commuue
829 2947 1030 3033 sepulcrum,

74 3077 120 3126 roo
144 3080 223 3144 ergo
246 3065 331 3127 terra
353 3060 411 3125 tibi
432 3059 550 3125 libatur
573 3063 604 3122 et
626 3065 721 3124 aucta
743 3062 910 3128 recrescit.

185 3175 278 3252 Quod
300 3194 395 3257 super
417 3179 482 3258 est,
499 3195 609 3240 umore
632 3195 714 3240 novo
738 3196 825 3242 mare
846 3177 979 3243 flumina
1001 3178 1106 3244 fontes

145 3295 273 3374 semper
295 3287 458 3354 abundare
469 3267 513 3355 ’et
533 3289 645 3356 latices
669 3309 799 3356 manare
822 3291 973 3374 perennis

143 3405 191 3470 nil
213 3424 293 3489 opus
316 3410 365 3469 est
386 3404 511 3470 verbis:
529 3424 664 3487 magnus
686 3403 841 3470 decursus
863 3424 1016 3486 aquarum
1080 3437 1083 3443 Δ

144 3518 286 3600 undique
310 3517 472 3584 declarat.
488 3516 546 3582 sed
568 3517 703 3602 primum
727 3517 877 3601 quicquid
899 3520 996 3599 aquai

73 3649 120 3701 aas
146 3633 287 3718 tollitur,
304 3633 337 3698 iu
360 3651 545 3716 summaque
567 3631 601 3695 fit
623 3636 657 3694 ut
678 3631 724 3694 nil
746 3651 837 3697 umor
858 3630 1020 3719 abundet,

145 3748 262 3832 partim
286 3746 371 3830 quod
393 3747 492 3813 validi
515 3752 676 3814 verrentes
699 3766 841 3830 aequora
862 3749 949 3814 venti

145 3861 326 3926 diminuunt
347 3861 513 3944 radiisque
536 3870 683 3929 retexens
705 3861 866 3928 aetherius
885 3864 956 3948 sol,

145 3975 262 4060 partim
286 3977 372 4059 quod
394 3981 503 4062 supter
524 3995 582 4059 per
603 3982 706 4044 terras
729 3978 848 4044 diditur
868 3978 991 4043 omnis:

145 4092 330 4175 percolatur
352 4091 436 4158 enim
459 4089 566 4173 virus,
583 4097 730 4174 retroque
752 4097 899 4157 remanat

151 4337 200 4385 289
220 4335 308 4386 eadem
329 4333 342 4404 ΙΙ
362 4338 410 4386 241
431 4336 544 4387 nativom
564 4331 577 4404 ll
599 4333 648 4386 245
668 4333 734 4388 idem
747 4333 769 4404 ἸΙ
790 4337 838 4386 251
859 4335 911 4390 ullo
931 4332 944 4405 Η
965 4337 1016 4389 264
1035 4333 1158 4399 quidquid
