3236 5020
679 337 731 404 .lI

64 533 122 580 445
154 512 238 578 haee
260 512 362 592 magis
384 513 498 576 amatis
520 513 603 576 inter
624 529 696 575 sese
718 529 789 575 esse
809 516 972 576 necessest

151 633 188 691 et
210 627 299 708 quasi
321 625 459 718 ramosis
481 626 544 691 alte
568 629 733 709 eompaeta
754 625 877 690 teneri.

148 739 185 804 in
209 762 270 822 quo
294 731 357 803 iam
379 758 497 823 genere
518 741 551 804 in
572 738 683 823 primis
705 736 913 802 adamantina
937 758 1015 803 saxa

149 855 258 939 prima
282 855 351 918 aoie
374 859 541 938 onustant,
559 855 638 918 ietus
662 859 863 916 contemnere
886 859 995 936 sueta,

151 974 187 1033 et
207 968 305 1033 validi
330 968 455 1045 silices,
473 989 510 1033 ae
531 969 602 1033 duri
625 969 741 1032 robora
762 964 858 1049 ferri,

62 1102 120 1149 rso
151 1101 294 1163 aeraque
318 1101 401 1163 quae
417 1081 570 1148 -olaustris
592 1082 747 1148 restantia
769 1079 999 1146 vociferantur.

148 1196 208 1259 illa
232 1195 359 1276 quidem
381 1196 500 1261 debent
522 1217 540 1260 e
562 1197 687 1262 levibus
710 1202 805 1277 atque
828 1195 970 1258 rutundis

152 1329 225 1374 esse
248 1310 372 1394 magis,
389 1293 508 1376 fluuido
533 1331 614 1392 quae
637 1329 772 1393 eorpore
793 1307 919 1389 liquida
942 1312 1109 1373 nonstant.

153 1443 292 1505 namque
315 1425 487 1508 papaveris
509 1423 642 1488 haustus
664 1423 770 1488 itemst
790 1421 898 1485 facilis
921 1422 1014 1501 quasi
1036 1441 1211 1502 aquarum:

153 1555 214 1601 nee
237 1536 409 1600 retinentur
432 1538 518 1602 enim
540 1537 622 1600 iuter
644 1556 679 1600 se
701 1535 932 1619 glomeramina
955 1553 1120 1616 quaeque,

63 1671 124 1716 455
155 1654 188 1712 et
208 1669 378 1731 prooursus
400 1651 475 1714 item
496 1650 637 1733 proclive
659 1647 809 1713 volubilis
832 1654 955 1712 exstat.

154 1762 261 1825 omnia
283 1769 442 1845 postremo
465 1783 548 1845 quae
570 1772 685 1846 punoto
708 1770 851 1845 tempore
874 1761 977 1826 oernis

153 1875 329 1958 diffugere,
346 1881 380 1938 ut
401 1877 519 1940 funium
541 1878 677 1942 nebulas
700 1877 929 1959 flammasque,
947 1883 1129 1960 neeessest‚

150 1989 177 2054 si
199 1989 304 2052 minus
326 1990 463 2054 omnibn'
485 1997 558 2055 sunt
580 2011 598 2056 e
620 1991 744 2056 levibus
768 1998 863 2071 atque
885 1990 1048 2074 rutundis,

151 2110 185 2168 at
207 2125 271 2169 uon
294 2124 365 2168 esse
386 2112 495 2170 tamen
516 2106 677 2190 perplexis
700 2104 907 2188 indupedita,

68 2238 123 2284 460
151 2237 292 2301 pungere
314 2219 358 2282 uti
380 2220 504 2302 possint
527 2239 642 2303 eorpus
664 2225 897 2302 penetrareque
920 2237 1012 2301 sese,

149 2349 208 2395 neo
230 2337 338 2396 tamen
361 2332 494 2398 haerere
515 2333 598 2397 inter
620 2352 674 2415 se3
692 2331 777 2413 quod
800 2351 934 2412 eumque
958 2339 1145 2397 venenumst
1205 2349 1208 2356 ·

150 2446 302 2530 sensibu’,
319 2446 377 2510 sed
398 2467 525 2526 rarum,
542 2445 639 2510 faoile
662 2450 696 2508 ut
718 2463 912 2524 eognosoere
935 2445 1041 2527 possis

147 2579 213 2623 non
236 2579 254 2621 e
276 2559 439 2642 perplexis
462 2559 519 2623 sed
543 2558 644 2622 aeutis
668 2577 738 2621 esse
762 2557 947 2622 elementis.

146 2673 208 2738 sed
231 2671 316 2755 quod
339 2690 450 2735 amara
471 2671 561 2736 vides
584 2670 700 2737 eadem
724 2689 805 2751 quae
827 2669 946 2735 fluvida
969 2667 1150 2755 oonstaut,¹

68 2809 120 2857 465
148 2786 247 2854 sudor
268 2785 314 2848 uti
335 2785 434 2850 maris
458 2792 526 2869 est,
543 2786 672 2850 minime
694 2785 839 2850 mirabile
862 2783 1016 2850 habebis:

146 2922 224 2966 nam
247 2900 332 2981 quod
355 2900 491 2966 fluvidus
514 2908 581 2986 est,
599 2921 617 2966 e
639 2901 761 3000 levibus
780 2906 877 2981 atque
899 2899 1042 2965 rutundis

146 3020 216 3091 est,
235 3022 267 3080 et
288 3015 401 3080 levibu’
426 3023 498 3081 sunt
520 3015 650 3081 aliunde
672 3015 816 3080 admixta
839 3014 959 3080 doloris

148 3147 304 3211 corpora.
321 3147 381 3194 neo
402 3136 508 3195 tamen
529 3132 612 3196 haee
633 3130 762 3196 retineri
785 3129 916 3195 hamata
938 3135 1157 3196 neeessumst:

148 3241 270 3306 seilicet
293 3262 363 3309 esse
386 3245 523 3325 globosa
544 3253 672 3327 tamon,
690 3263 760 3308 eum
783 3243 932 3324 squalida
954 3249 1120 3319 constent,

69 3377 121 3424 470
148 3357 295 3440 provolvi
317 3357 410 3423 simul
432 3365 466 3423 ut
486 3359 612 3442 possint
634 3363 667 3422 et
688 3357 816 3422 laedere
838 3375 971 3421 sensus.
1014 3391 1021 3407 ·

151 3476 183 3535 et
205 3490 268 3552 quo
290 3472 389 3538 mixta
412 3480 505 3557 putes
528 3472 632 3556 magis
655 3491 773 3555 aspera
794 3470 918 3535 levibus
941 3489 1011 3535 esse

148 3584 335 3669 principiis,
351 3585 435 3650 unde
460 3594 509 3652 est
529 3586 668 3670 Neptuni
692 3605 807 3668 eorpus
830 3585 1000 3669 aoerbum‚

149 3707 198 3764 est
219 3700 301 3763 ratio
324 3701 513 3766 seoernendi
535 3719 743 3782 seorsumque
763 3699 914 3764 videndi:

73 3833 123 3881 era
149 3812 265 3895 linquit
287 3815 371 3877 enirn
395 3831 510 3894 supera
532 3816 625 3879 taetri
648 3814 823 3899 primordia
845 3816 904 3880 viri

153 4032 204 4080 450
217 4043 279 4078 voce
292 4028 421 4076 ferantur.
443 4022 456 4093 Η
476 4029 526 4076 451
541 4042 573 4075 ex
592 4025 605 4092 Η
625 4032 675 4078 452
694 4046 801 4094 corpora
821 4027 834 4098 Η
855 4033 905 4080 453
919 4033 986 4092 quod
1007 4029 1020 4096 Η
1041 4032 1091 4078 455
1110 4029 1239 4093 perculsus
1259 4024 1272 4094 Η

155 4119 205 4166 458
225 4115 311 4165 omnia
331 4110 344 4181 Η
365 4117 416 4163 460
440 4127 518 4162 saxa.
539 4112 552 4180 Η
572 4117 621 4164 461
647 4116 775 4165 videmus.
796 4113 810 4185 Η
830 4119 880 4166 462
905 4116 1020 4165 sedatum
1040 4112 1053 4182 Η
1072 4116 1123 4162 465
1149 4111 1238 4162 debet.
1260 4110 1273 4180 Η

153 4205 204 4252 467
225 4216 238 4251 e
262 4201 359 4250 levibus
384 4209 459 4263 atque
482 4201 583 4249 rutundi
603 4195 618 4267 Η
637 4203 689 4249 468
711 4203 818 4254 retinere
841 4203 929 4252 hamat
951 4217 1072 4252 necessu.
1093 4195 1106 4265 Η
1126 4202 1176 4248 469
1202 4215 1275 4251 oons-

153 4297 205 4340 tet.
227 4288 242 4357 Η
261 4291 311 4338 471
332 4289 403 4351 quod¹
420 4284 433 4356 Η
453 4290 503 4338 476
522 4286 611 4350 Inquit
630 4284 644 4354 Η
662 4286 762 4336 mordis
