3236 5020
370 400 413 466 20
924 392 940 458 Ι

296 589 345 634 555
372 566 554 631 distinctum
578 565 727 648 queniam
750 585 810 630 nee
832 565 960 649 plenum
984 565 1108 630 naviter
1131 573 1218 632 extat

370 701 430 746 nee
451 701 546 765 porro
570 702 724 757 vaenum,
748 686 821 744 snnt
843 699 919 764 ergo
943 701 1078 764 eerpera
1101 686 1207 763 55515,

372 814 455 876 quae
478 795 615 878 spatium
637 797 733 880 pleno
757 795 880 879 possint
902 794 1099 877 distinguere
1121 795 1240 860 inane.

346 898 352 910 “
371 908 452 973 15555
474 929 576 991 neqne
599 910 731 975 dissolui
754 909 860 993 plagis
883 909 1078 973 extrinsecus
1100 909 1164 974 ieta

370 1029 522 1106 possunt,
547 1042 605 1088 555
626 1045 721 1106 perro
746 1024 871 1107 penitus
893 1030 1059 1107 penetrata
1081 1023 1181 1096 retexi

296 1157 347 1203 550
372 1157 431 1202 555
454 1138 577 1202 ratione
600 1145 718 1219 queunt
740 1139 804 1202 alia
825 1146 978 1222 temptata
1000 1138 1131 1214 labare;

371 1251 404 1315 id
427 1253 512 1333 quod
535 1253 597 1316 iarn
621 1273 718 1337 snpra
739 1253 796 1316 tibi
819 1254 914 1335 paulo
939 1252 1134 1317 ostendimus
1156 1257 1250 1316 ante.

371 1387 445 1431 nam
468 1387 571 1448 neqne
594 1367 711 1433 eenlidi
735 1367 803 1432 sine
826 1366 912 1430 inani
935 1387 1032 1450 posse
1055 1367 1177 1432 videtur

372 1481 539 1563 quiequam
562 1500 621 1546 nee
643 1481 748 1565 frangi
772 1502 830 1547 nee
853 1481 929 1544 findi
953 1482 984 1544 in
1008 1481 1082 1544 bina
1104 1479 1264 1563 secando,

370 1616 430 1662 nee
453 1616 567 1680 capere
591 1617 732 1660 umorem
756 1615 857 1677 neque
879 1596 954 1660 item
976 1596 1137 1660 manabile
1164 1594 1264 1678 frigus

296 1732 346 1777 535
371 1731 430 1775 nee
452 1712 650 1794 penetralem
673 1711 798 1793 ignem,
824 1706 937 1791 quibus
961 1710 1068 1774 emnia
1091 1709 1317 1774 eonfieiuntur:

370 1830 402 1888 et
425 1845 486 1905 qne
511 1843 656 1905 quaeque
679 1825 783 1905 magis
807 1824 933 1890 cohibet
957 1845 1006 1890 res
1029 1826 1113 1889 intns
1134 1825 1251 1900 inane,

371 1944 437 2002 tam
459 1939 563 2017 magis
587 1937 636 2004 his
660 1939 754 2004 rebus
778 1940 904 2022 penitus
927 1947 1080 2023 temptata
1103 1940 1257 2004 labascit.

371 2074 447 2134 erge
471 2053 498 2118 si
521 2053 624 2118 solida
648 2074 686 2118 ae
708 2054 777 2118 sine
799 2055 885 2118 inani
908 2073 1043 2139 eerpera
1066 2055 1168 2139 prima

371 2174 444 2233 sunt
466 2168 510 2230 ita
533 2168 577 2231 uti
600 2167 714 2244 docui,
738 2167 801 2232 sint
824 2169 904 2234 haee
927 2177 1058 2236 aeterna
1082 2174 1262 2234 necessest.

296 2302 346 2349 540
371 2289 538 2366 praeterea
562 2281 623 2346 nisi
645 2281 794 2347 materies
818 2291 948 2348 aeterna
970 2286 1098 2361 fnisset,

373 2403 448 2465 ante
471 2396 533 2465 hae
556 2396 599 2460 ad
622 2396 719 2459 nilum
742 2397 867 2480 penitus
891 2419 941 2464 res
964 2419 1107 2481 quaeque
1128 2399 1306 2472 redissent,

370 2511 411 2575 de
435 2511 566 2591 nileque
589 2519 700 2576 renata
724 2511 829 2577 ferent
851 2533 931 2594 quae
956 2533 1089 2596 cumque
1112 2511 1274 2575 videmus.

368 2633 402 2690 51
425 2625 574 2706 queniam
598 2646 695 2710 supra
716 2627 809 2692 deeui
834 2628 879 2691 nii
903 2649 996 2712 pesse
1020 2626 1120 2692 creari

371 2739 410 2805 de
434 2741 496 2804 nile
521 2760 623 2821 neque
647 2741 731 2822 qnod
754 2743 897 2824 genitum
921 2749 969 2808 est
991 2743 1032 2806 ad
1054 2743 1096 2805 511
1121 2740 1285 2822 55505551,

296 2875 345 2922 545
372 2873 445 2943 esse
467 2855 635 2920 immortali
659 2857 833 2940 primordia
857 2878 990 2940 serpere
1013 2857 1149 2933 debent,

370 2969 502 3034 dissolui
526 2991 587 3052 qne
612 2991 756 3053 quaeque
778 2993 925 3056 supreme
951 2980 1092 3057 tempere
1120 2971 1263 3055 55055151,

369 3085 519 3150 materies
540 3092 574 3150 nt
595 3085 777 3169 subpeditet
800 3089 894 3152 rebus
917 3085 1129 3170 reparandis.

369 3207 441 3265 sunt
463 3199 558 3283 igitur
580 3199 684 3266 solida
707 3202 884 3285 primordia
912 3201 1136 3284 simplieitate,

369 3333 428 3380 550
450 3315 573 3380 ratione
597 3321 716 3397 queunt
736 3317 802 3381 alia
825 3322 952 3380 servata
975 3335 1033 3398 per
1054 3332 1166 3376 aevom
1196 3365 1198 3371 Α

294 3450 345 3497 550
371 3449 410 3494 ex
433 3430 553 3494 infinite
577 3431 641 3494 iam
665 3436 809 3515 tempore
833 3452 883 3495 res
906 3441 1078 3513 reparare.

412 3546 560 3627 Denique
583 3547 610 3610 si
633 3547 753 3609 5511555
777 3545 870 3609 finem
893 3551 1007 3606 natura
1029 3544 1179 3626 parasset

368 3660 557 3740 frangendis
581 3661 693 3742 rebus,
717 3661 781 3722 iam
804 3678 938 3741 corpora
960 3655 1108 3720 materiai

369 3794 468 3855 nsque
492 3775 622 3838 redacta
644 3773 748 3837 forent
768 3790 848 3835 aevo
873 3772 1038 3852 frangente
1060 3770 1184 3854 priore,

367 3888 468 3950 51511
492 3908 531 3952 55
554 3887 619 3950 11115
642 3907 662 3950 5
684 3892 770 3949 05510
794 3891 936 3968 tempore
960 3894 1069 3969 posset

293 4023 343 4068 555
369 4008 556 4084 conceptum
579 4020 703 4065 summa
724 3999 839 4064 aetatis
861 4000 1036 4082 pervadere
1059 4001 1150 4064 finis.

369 4269 418 4315 527
440 4280 521 4327 poena
542 4261 555 4332 Η
576 4264 663 4314 inani.
684 4263 698 4334 11
718 4269 768 4316 533
789 4267 860 4316 fundi
882 4265 895 4335 Η
916 4269 966 4316 542
986 4277 1059 4317 ranta
1079 4265 1092 4334 ΙΙ
1117 4269 1167 4314 552
1188 4265 1324 4312 materiae.
1347 4261 1359 4330 11
1384 4265 1434 4310 553
1455 4263 1493 4310 fo-

369 4360 426 4399 rent
446 4349 458 4422 11
480 4356 530 4401 555
550 4369 674 4402 summum
