3240 5010
669 377 715 442 VI

107 548 291 615 constituit
312 555 427 616 natura
448 550 578 614 minutis
599 547 835 631 mobilibusque
904 533 908 537 ’

108 665 338 750 corporibus,
356 665 404 730 oui
429 665 473 728 nil
497 665 624 730 omnino
648 663 802 730 obsistere
824 664 945 748 possit.

12 809 13 856 i
40 801 83 847 nas
108 781 236 845 transit
262 780 348 845 enim
369 780 512 844 validum
534 779 654 844 fulmen
676 799 733 863 per
756 798 856 863 saxa,
874 797 931 862 per
952 799 1049 844 aera.

12 873 13 876 Ἴ
41 916 83 963 rso
108 901 142 960 et
167 893 337 978 liquidum
359 899 479 979 puncto
502 893 579 960 faoit
600 914 656 958 aes
679 894 710 956 in
733 898 875 975 tempore
898 899 930 958 et
953 913 1085 978 aurum,

108 1016 210 1075 ourat
235 1009 306 1074 utei
328 1009 415 1074 vasis
439 1009 570 1089 integris
592 1008 668 1073 vina
690 1013 823 1090 repente

108 1123 317 1208 diffugiant,
335 1124 431 1207 quia,
448 1123 480 1186 ni
502 1123 636 1199 mirum,
652 1121 747 1187 faoile
770 1123 879 1186 omnia
901 1122 1019 1187 oiroum

12 1279 13 1292 κ
109 1241 277 1305 conlaxat
299 1257 435 1321 rareque
457 1237 533 1304 saoit
555 1236 744 1302 lateramina
767 1237 853 1302 vasis

111 1353 302 1418 adveniens
326 1353 415 1417 oalor
439 1353 526 1436 eius,
544 1358 575 1416 et
596 1353 774 1416 insinuatus
797 1352 827 1414 in
852 1351 958 1436 ipsum

42 1488 86 1536 aas
111 1468 289 1534 mobiliter
311 1467 443 1532 soluens
465 1467 569 1532 differt
591 1464 767 1550 primordia
788 1465 872 1528 vini.

113 1583 206 1665 quod
233 1581 314 1647 solis
336 1601 438 1665 vapor
461 1586 595 1644 aetatem
619 1599 684 1643 non
706 1599 802 1663 posse
825 1580 952 1645 videtur

115 1699 257 1764 etfioere
279 1716 380 1779 usque
403 1693 485 1760 adeo
507 1694 634 1777 pollens
657 1691 783 1758 fervore
806 1713 962 1759 eorusoo.

12 1861 13 1876 ,
113 1819 209 1877 tanto
236 1810 387 1875 mobilior
411 1809 459 1876 vis
482 1817 513 1873 et
535 1808 751 1874 dominantior
774 1809 852 1874 baec
876 1816 943 1874 est.

155 1930 257 1994 Nune
280 1945 320 1990 ea
343 1946 405 2007 quo
429 1932 524 2008 paeto
546 1924 719 2010 gignantur
741 1931 772 1988 et
793 1925 910 2008 impete
933 1931 1022 1990 tanto

47 2061 91 2108 240
115 2041 200 2108 fiant
224 2046 262 2104 ut
282 2038 409 2123 possint
430 2039 496 2104 iotu
518 2039 698 2104 discludere
720 2038 833 2116 turris,

116 2157 307 2222 disturbare
331 2154 463 2239 domos,
480 2154 620 2220 avellere
642 2154 732 2236 tigna
757 2154 948 2236 trabesque,

119 2279 151 2336 et
172 2271 323 2336 lamenta
346 2268 449 2334 virum
473 2269 649 2333 commoliri
672 2274 769 2350 atque
792 2271 895 2353 olere,

119 2387 312 2453 exanimare
336 2384 501 2467 homines,
516 2383 658 2467 pecudes
681 2390 885 2468 prosternere
907 2382 1051 2466 passim,

118 2507 234 2568 oetera
252 2476 297 2564 'de
319 2518 438 2580 genere
461 2498 522 2563 hoo
546 2498 660 2580 quavi
683 2497 789 2562 faeere
812 2498 920 2562 omnia
941 2497 1085 2580 possint,

51 2632 95 2682 245
121 2615 318 2702 expediam,
336 2633 440 2696 neque
463 2620 494 2678 te
517 2613 549 2676 in
572 2611 738 2697 promissis
760 2612 854 2698 plura
877 2612 1046 2676 morabor.

159 2730 315 2796 Fulmina
336 2729 462 2810 gignier
486 2749 502 2793 e
527 2729 645 2793 crassis
668 2727 796 2810 alteque
818 2726 1027 2811 putandumst

122 2848 266 2913 nubibus
289 2845 460 2910 extruotis:
478 2863 552 2908 nam
575 2843 666 2909 eaelo
689 2842 779 2906 nulla
801 2861 916 2908 sereno

123 2984 184 3029 nee
208 2962 321 3027 leviter
343 2961 453 3027 densis
475 2959 641 3023 mittuntur
660 2958 799 3026 nubibus
822 2977 993 3040 umquam.

124 3098 201 3143 nam
228 3076 324 3140 dubio
347 3076 458 3161 prooul
482 3075 550 3141 hoe
564 3075 632 3141 fieri
655 3073 827 3140 manifesta
852 3074 945 3139 dooet
965 3090 1038 3155 res3

56 3208 102 3258 250
126 3192 216 3276 quod
239 3197 304 3254 tum
327 3211 385 3275 per
407 3196 506 3256 totum
530 3196 737 3256 sonoreseunt
759 3196 834 3256 a'e‘ra
855 3189 976 3270 nubes,

126 3309 270 3388 undique
292 3307 337 3370 uti
359 3306 510 3372 tenebras
533 3306 637 3370 omnis
660 3304 843 3369 Aeherunta
864 3322 992 3368 reamur

126 3420 264 3503 liquisse
288 3426 321 3484 et
342 3439 477 3501 magnas
499 3420 578 3482 caeli
602 3418 780 3501 complesse
804 3434 978 3480 oavernas.

128 3555 232 3620 usque
255 3534 336 3600 adeo
359 3541 442 3600 tetra
465 3533 641 3604 nimborum
667 3537 758 3596 noete
782 3536 891 3594 coorta

127 3650 307 3736 inpendent
328 3655 417 3715 atrae
439 3647 618 3714 formidinis
641 3665 699 3711 ora
722 3662 879 3728 superne,

60 3781 106 3830 ass
132 3785 204 3833 eum
226 3764 401 3830 commoliri
422 3769 597 3849 tempestas
620 3761 753 3827 fulmina
775 3763 923 3843 coeptat.

133 3967 334 3975 ..----

139 4102 189 4149 226
207 4098 401 4160 montibusque.
423 4094 436 4165 Η
457 4098 507 4145 228
527 4112 570 4159 per
588 4103 659 4159 septa
678 4097 827 4144 domorum.
849 4089 862 4161 Η
883 4092 932 4139 229
952 4088 1056 4140 Clamor
1080 4093 1108 4134 ut
1130 4102 1159 4134 ao
1183 4099 1259 4134 voces

137 4189 227 4238 transit
245 4202 289 4251 per
306 4201 378 4235 sssoa
395 4199 440 4248 per
458 4198 533 4233 aera.
559 4181 571 4249 Η
597 4186 646 4232 231
666 4184 728 4233 item
752 4179 765 4250 Η
790 4184 841 4231 234
860 4187 888 4228 ut
912 4179 924 4245 Η
952 4179 1001 4226 237
1022 4174 1110 4224 tellens
1129 4172 1224 4220 fervere
1244 4170 1256 4235 Η

139 4275 187 4323 241
207 4276 269 4338 lgna
288 4273 301 4342 Η
322 4271 543 4324 242monimenta
563 4266 577 4338 Η
597 4272 647 4320 245
661 4277 686 4320 te
698 4271 836 4321 omissam.
858 4264 872 4336 Η
892 4267 942 4315 246
956 4263 1028 4330 gigni
1041 4276 1054 4310 e
1066 4259 1153 4310 classis
1174 4256 1186 4326 Η
1208 4257 1259 4309 250

139 4367 199 4414 tunc
