<?xml version="1.0" encoding="UTF-8"?>
<!DOCTYPE html PUBLIC "-//W3C//DTD XHTML 1.0 Transitional//EN"
    "http://www.w3.org/TR/xhtml1/DTD/xhtml1-transitional.dtd">
<html xmlns="http://www.w3.org/1999/xhtml" xml:lang="en" lang="en">
 <head>
  <title>
</title>
<meta http-equiv="Content-Type" content="text/html;charset=utf-8" />
  <meta name='ocr-system' content='tesseract 3.04.00' />
  <meta name='ocr-capabilities' content='ocr_page ocr_carea ocr_par ocr_line ocrx_word'/>
</head>
<body>
  <div class='ocr_page' id='page_1' title='image "./tlucreticarider19carugoog_0094.png"; bbox 0 0 3266 4994; ppageno 0'>
   <div class='ocr_carea' id='block_1_1' title="bbox 898 371 904 401">
    <p class='ocr_par' dir='ltr' id='par_1_1' title="bbox 898 371 904 401">
     <span class='ocr_line' id='line_1_1' title="bbox 898 371 904 401; baseline 0 0"><span class='ocrx_word' id='word_1_1' title='bbox 898 371 904 401; x_wconf 78' lang='lat' dir='ltr'>l</span> 
     </span>
    </p>
   </div>
   <div class='ocr_carea' id='block_1_2' title="bbox 79 537 1194 3938">
    <p class='ocr_par' dir='ltr' id='par_1_2' title="bbox 79 537 1194 3938">
     <span class='ocr_line' id='line_1_2' title="bbox 160 537 1117 623; baseline 0.003 -22"><span class='ocrx_word' id='word_1_2' title='bbox 160 537 277 622; x_wconf 82' lang='lat' dir='ltr'>perdit</span> <span class='ocrx_word' id='word_1_3' title='bbox 299 537 383 601; x_wconf 92' lang='lat' dir='ltr'>enim</span> <span class='ocrx_word' id='word_1_4' title='bbox 408 537 494 619; x_wconf 92' lang='lat' dir='ltr'>quod</span> <span class='ocrx_word' id='word_1_5' title='bbox 515 557 580 602; x_wconf 93' lang='lat' dir='ltr'>non</span> <span class='ocrx_word' id='word_1_6' title='bbox 602 539 766 623; x_wconf 91' lang='lat' dir='ltr'>proprium</span> <span class='ocrx_word' id='word_1_7' title='bbox 787 539 846 603; x_wconf 85' lang='lat' dir='ltr'>fuit</span> <span class='ocrx_word' id='word_1_8' title='bbox 868 538 992 604; x_wconf 86' lang='lat' dir='ltr'>clusin</span> <span class='ocrx_word' id='word_1_9' title='bbox 1015 558 1117 619; x_wconf 84' lang='lat' dir='ltr'>acro,</span> 
     </span>
     <span class='ocr_line' id='line_1_3' title="bbox 161 651 1089 738; baseline 0.005 -24"><span class='ocrx_word' id='word_1_10' title='bbox 161 651 326 734; x_wconf 89' lang='lat' dir='ltr'>nullaque</span> <span class='ocrx_word' id='word_1_11' title='bbox 348 657 515 734; x_wconf 82' lang='lat' dir='ltr'>praetcrea</span> <span class='ocrx_word' id='word_1_12' title='bbox 537 652 661 738; x_wconf 75' lang='lat' dir='ltr'>perdit,</span> <span class='ocrx_word' id='word_1_13' title='bbox 679 673 773 735; x_wconf 91' lang='lat' dir='ltr'>quom</span> <span class='ocrx_word' id='word_1_14' title='bbox 797 654 966 736; x_wconf 86' lang='lat' dir='ltr'><strong>expellitur</strong></span> <span class='ocrx_word' id='word_1_15' title='bbox 989 673 1089 719; x_wconf 87' lang='lat' dir='ltr'>aevo.</span> 
     </span>
     <span class='ocr_line' id='line_1_4' title="bbox 205 765 1103 854; baseline 0.004 -25"><span class='ocrx_word' id='word_1_16' title='bbox 205 765 326 830; x_wconf 82' lang='lat' dir='ltr'>Dicere</span> <span class='ocrx_word' id='word_1_17' title='bbox 348 785 443 848; x_wconf 89' lang='lat' dir='ltr'>porro</span> <span class='ocrx_word' id='word_1_18' title='bbox 468 765 578 830; x_wconf 86' lang='lat' dir='ltr'>oeulos</span> <span class='ocrx_word' id='word_1_19' title='bbox 601 768 721 831; x_wconf 88' lang='lat' dir='ltr'>nullam</span> <span class='ocrx_word' id='word_1_20' title='bbox 743 787 810 831; x_wconf 91' lang='lat' dir='ltr'>rem</span> <span class='ocrx_word' id='word_1_21' title='bbox 833 786 963 832; x_wconf 89' lang='lat' dir='ltr'>cernere</span> <span class='ocrx_word' id='word_1_22' title='bbox 985 787 1103 854; x_wconf 84' lang='lat' dir='ltr'>posse,</span> 
     </span>
     <span class='ocr_line' id='line_1_5' title="bbox 79 858 1096 968; baseline 0 -21"><span class='ocrx_word' id='word_1_23' title='bbox 79 901 134 947; x_wconf 83' lang='lat' dir='ltr'>sco</span> <span class='ocrx_word' id='word_1_24' title='bbox 162 879 227 944; x_wconf 88' lang='lat' dir='ltr'>sed</span> <span class='ocrx_word' id='word_1_25' title='bbox 253 898 388 962; x_wconf 87' lang='lat' dir='ltr'>percos</span> <span class='ocrx_word' id='word_1_26' title='bbox 411 879 549 942; x_wconf 89' lang='lat' dir='ltr'>animum</span> <span class='ocrx_word' id='word_1_27' title='bbox 573 887 606 944; x_wconf 89' lang='lat' dir='ltr'>ut</span> <span class='ocrx_word' id='word_1_28' title='bbox 628 879 755 968; x_wconf 40' lang='lat' dir='ltr'>foribus,</span> <span class='ocrx_word' id='word_1_29' title='bbox 773 858 918 964; x_wconf 86' lang='lat' dir='ltr'>spectare</span> <span class='ocrx_word' id='word_1_30' title='bbox 941 883 1096 966; x_wconf 88' lang='lat' dir='ltr'>reclusis,</span> 
     </span>
     <span class='ocr_line' id='line_1_6' title="bbox 162 993 989 1076; baseline 0 -18"><span class='ocrx_word' id='word_1_31' title='bbox 162 993 371 1076; x_wconf 88' lang='lat' dir='ltr'>desiperest,</span> <span class='ocrx_word' id='word_1_32' title='bbox 388 1000 498 1057; x_wconf 85' lang='lat' dir='ltr'>contra</span> <span class='ocrx_word' id='word_1_33' title='bbox 521 1013 592 1057; x_wconf 92' lang='lat' dir='ltr'>cum</span> <span class='ocrx_word' id='word_1_34' title='bbox 615 1015 728 1060; x_wconf 88' lang='lat' dir='ltr'>sensus</span> <span class='ocrx_word' id='word_1_35' title='bbox 751 996 839 1059; x_wconf 87' lang='lat' dir='ltr'>dicat</span> <span class='ocrx_word' id='word_1_36' title='bbox 860 1015 989 1076; x_wconf 87' lang='lat' dir='ltr'>corum;</span> 
     </span>
     <span class='ocr_line' id='line_1_7' title="bbox 81 1106 1086 1192; baseline 0.001 -19"><span class='ocrx_word' id='word_1_37' title='bbox 81 1127 134 1174; x_wconf 82' lang='lat' dir='ltr'>ssa</span> <span class='ocrx_word' id='word_1_38' title='bbox 164 1106 298 1190; x_wconf 88' lang='lat' dir='ltr'>fulgida</span> <span class='ocrx_word' id='word_1_39' title='bbox 320 1107 508 1189; x_wconf 86' lang='lat' dir='ltr'>praesertim</span> <span class='ocrx_word' id='word_1_40' title='bbox 532 1128 603 1172; x_wconf 91' lang='lat' dir='ltr'>cum</span> <span class='ocrx_word' id='word_1_41' title='bbox 626 1129 756 1174; x_wconf 91' lang='lat' dir='ltr'>cernere</span> <span class='ocrx_word' id='word_1_42' title='bbox 779 1128 877 1192; x_wconf 84' lang='lat' dir='ltr'>saepe</span> <span class='ocrx_word' id='word_1_43' title='bbox 901 1109 1086 1191; x_wconf 81' lang='lat' dir='ltr'>nequimus:</span> 
     </span>
     <span class='ocr_line' id='line_1_8' title="bbox 81 1219 1070 1308; baseline 0.002 -20"><span class='ocrx_word' id='word_1_44' title='bbox 81 1241 135 1288; x_wconf 82' lang='lat'>362</span> <span class='ocrx_word' id='word_1_45' title='bbox 165 1240 286 1285; x_wconf 89' lang='lat' dir='ltr'>sensus</span> <span class='ocrx_word' id='word_1_46' title='bbox 309 1220 391 1283; x_wconf 89' lang='lat' dir='ltr'>enim</span> <span class='ocrx_word' id='word_1_47' title='bbox 415 1219 508 1283; x_wconf 88' lang='lat' dir='ltr'>trahit</span> <span class='ocrx_word' id='word_1_48' title='bbox 530 1229 625 1302; x_wconf 87' lang='lat' dir='ltr'>atque</span> <span class='ocrx_word' id='word_1_49' title='bbox 648 1225 734 1288; x_wconf 89' lang='lat' dir='ltr'>acies</span> <span class='ocrx_word' id='word_1_50' title='bbox 756 1223 895 1288; x_wconf 87' lang='lat' dir='ltr'>detrudit</span> <span class='ocrx_word' id='word_1_51' title='bbox 917 1223 960 1288; x_wconf 89' lang='lat' dir='ltr'>ad</span> <span class='ocrx_word' id='word_1_52' title='bbox 983 1225 1070 1308; x_wconf 89' lang='lat' dir='ltr'>ipsas</span> 
     </span>
     <span class='ocr_line' id='line_1_9' title="bbox 82 1332 1007 1420; baseline -0.002 -18"><span class='ocrx_word' id='word_1_53' title='bbox 82 1356 137 1402; x_wconf 84' lang='lat' dir='ltr'>3o4</span> <span class='ocrx_word' id='word_1_54' title='bbox 163 1334 313 1415; x_wconf 88' lang='lat' dir='ltr'>lumina,</span> <span class='ocrx_word' id='word_1_55' title='bbox 330 1332 501 1398; x_wconf 86' lang='lat' dir='ltr'>luminibus</span> <span class='ocrx_word' id='word_1_56' title='bbox 525 1336 601 1417; x_wconf 89' lang='lat' dir='ltr'>quia</span> <span class='ocrx_word' id='word_1_57' title='bbox 623 1337 715 1401; x_wconf 87' lang='lat' dir='ltr'>nobis</span> <span class='ocrx_word' id='word_1_58' title='bbox 738 1338 1007 1420; x_wconf 88' lang='lat' dir='ltr'>praepediuntur.</span> 
     </span>
     <span class='ocr_line' id='line_1_10' title="bbox 168 1435 1194 1538; baseline 0.006 -26"><span class='ocrx_word' id='word_1_59' title='bbox 168 1449 261 1529; x_wconf 91' lang='lat' dir='ltr'>quod</span> <span class='ocrx_word' id='word_1_60' title='bbox 284 1435 408 1510; x_wconf 84' lang='lat' dir='ltr'>foribus</span> <span class='ocrx_word' id='word_1_61' title='bbox 430 1467 495 1510; x_wconf 93' lang='lat' dir='ltr'>non</span> <span class='ocrx_word' id='word_1_62' title='bbox 517 1447 570 1512; x_wconf 87' lang='lat' dir='ltr'>fit:</span> <span class='ocrx_word' id='word_1_63' title='bbox 588 1469 691 1531; x_wconf 88' lang='lat' dir='ltr'>neque</span> <span class='ocrx_word' id='word_1_64' title='bbox 714 1452 818 1528; x_wconf 86' lang='lat' dir='ltr'>enim,</span> <span class='ocrx_word' id='word_1_65' title='bbox 835 1451 911 1533; x_wconf 92' lang='lat' dir='ltr'>quia</span> <span class='ocrx_word' id='word_1_66' title='bbox 934 1453 1089 1518; x_wconf 90' lang='lat' dir='ltr'>cernimus</span> <span class='ocrx_word' id='word_1_67' title='bbox 1114 1453 1194 1538; x_wconf 72' lang='lat' dir='ltr'>ipsi,</span> 
     </span>
     <span class='ocr_line' id='line_1_11' title="bbox 168 1561 910 1644; baseline 0.003 -18"><span class='ocrx_word' id='word_1_68' title='bbox 168 1562 256 1626; x_wconf 87' lang='lat' dir='ltr'>ostia</span> <span class='ocrx_word' id='word_1_69' title='bbox 278 1561 455 1644; x_wconf 87' lang='lat' dir='ltr'>suscipiunt</span> <span class='ocrx_word' id='word_1_70' title='bbox 478 1563 576 1626; x_wconf 91' lang='lat' dir='ltr'>ullum</span> <span class='ocrx_word' id='word_1_71' title='bbox 599 1564 724 1629; x_wconf 88' lang='lat' dir='ltr'>reclusa</span> <span class='ocrx_word' id='word_1_72' title='bbox 746 1565 910 1630; x_wconf 86' lang='lat' dir='ltr'>laborem.</span> 
     </span>
     <span class='ocr_line' id='line_1_12' title="bbox 168 1676 1005 1764; baseline 0.007 -26"><span class='ocrx_word' id='word_1_73' title='bbox 168 1681 340 1760; x_wconf 87' lang='lat' dir='ltr'>praetcrea</span> <span class='ocrx_word' id='word_1_74' title='bbox 362 1677 388 1740; x_wconf 88' lang='lat' dir='ltr'>si</span> <span class='ocrx_word' id='word_1_75' title='bbox 411 1698 470 1761; x_wconf 94' lang='lat' dir='ltr'>pro</span> <span class='ocrx_word' id='word_1_76' title='bbox 493 1676 616 1741; x_wconf 87' lang='lat' dir='ltr'>foribus</span> <span class='ocrx_word' id='word_1_77' title='bbox 638 1685 711 1742; x_wconf 85' lang='lat' dir='ltr'>sunt</span> <span class='ocrx_word' id='word_1_78' title='bbox 733 1679 855 1742; x_wconf 89' lang='lat' dir='ltr'>lumina</span> <span class='ocrx_word' id='word_1_79' title='bbox 877 1686 1005 1764; x_wconf 89' lang='lat' dir='ltr'>nostra,</span> 
     </span>
     <span class='ocr_line' id='line_1_13' title="bbox 169 1790 958 1875; baseline 0.004 -22"><span class='ocrx_word' id='word_1_80' title='bbox 169 1790 239 1854; x_wconf 86' lang='lat' dir='ltr'>iarn</span> <span class='ocrx_word' id='word_1_81' title='bbox 261 1791 363 1874; x_wconf 80' lang='lat' dir='ltr'>magis</span> <span class='ocrx_word' id='word_1_82' title='bbox 386 1791 543 1875; x_wconf 86' lang='lat' dir='ltr'>exemptis</span> <span class='ocrx_word' id='word_1_83' title='bbox 567 1791 670 1857; x_wconf 90' lang='lat' dir='ltr'>oculis</span> <span class='ocrx_word' id='word_1_84' title='bbox 692 1793 810 1857; x_wconf 87' lang='lat' dir='ltr'>debere</span> <span class='ocrx_word' id='word_1_85' title='bbox 833 1792 958 1857; x_wconf 89' lang='lat' dir='ltr'>videtur</span> 
     </span>
     <span class='ocr_line' id='line_1_14' title="bbox 169 1906 974 1991; baseline 0.006 -24"><span class='ocrx_word' id='word_1_86' title='bbox 169 1921 304 1968; x_wconf 90' lang='lat' dir='ltr'>cernere</span> <span class='ocrx_word' id='word_1_87' title='bbox 327 1926 378 1970; x_wconf 87' lang='lat' dir='ltr'>res</span> <span class='ocrx_word' id='word_1_88' title='bbox 401 1906 527 1970; x_wconf 89' lang='lat' dir='ltr'>animus</span> <span class='ocrx_word' id='word_1_89' title='bbox 550 1907 686 1972; x_wconf 87' lang='lat' dir='ltr'>sublatis</span> <span class='ocrx_word' id='word_1_90' title='bbox 708 1908 853 1991; x_wconf 89' lang='lat' dir='ltr'>postibus</span> <span class='ocrx_word' id='word_1_91' title='bbox 875 1909 974 1991; x_wconf 71' lang='lat' dir='ltr'>ipsis</span> 
     </span>
     <span class='ocr_line' id='line_1_15' title="bbox 80 2018 1071 2106; baseline 0.001 -20"><span class='ocrx_word' id='word_1_92' title='bbox 80 2041 132 2086; x_wconf 79' lang='lat' dir='ltr'>aro</span> <span class='ocrx_word' id='word_1_93' title='bbox 215 2018 301 2083; x_wconf 89' lang='lat' dir='ltr'>Illud</span> <span class='ocrx_word' id='word_1_94' title='bbox 324 2019 357 2082; x_wconf 94' lang='lat' dir='ltr'>in</span> <span class='ocrx_word' id='word_1_95' title='bbox 379 2019 430 2083; x_wconf 88' lang='lat' dir='ltr'>his</span> <span class='ocrx_word' id='word_1_96' title='bbox 452 2021 547 2086; x_wconf 87' lang='lat' dir='ltr'>rebus</span> <span class='ocrx_word' id='word_1_97' title='bbox 568 2041 774 2102; x_wconf 84' lang='lat' dir='ltr'>nequaquam</span> <span class='ocrx_word' id='word_1_98' title='bbox 798 2041 922 2086; x_wconf 90' lang='lat' dir='ltr'>sumere</span> <span class='ocrx_word' id='word_1_99' title='bbox 945 2023 1071 2106; x_wconf 84' lang='lat' dir='ltr'>possis,</span> 
     </span>
     <span class='ocr_line' id='line_1_16' title="bbox 167 2133 983 2221; baseline 0.004 -24"><span class='ocrx_word' id='word_1_100' title='bbox 167 2133 346 2198; x_wconf 75' lang='lat' dir='ltr'>Democriti</span> <span class='ocrx_word' id='word_1_101' title='bbox 370 2135 454 2215; x_wconf 94' lang='lat' dir='ltr'>quod</span> <span class='ocrx_word' id='word_1_102' title='bbox 478 2142 588 2200; x_wconf 88' lang='lat' dir='ltr'>sancta</span> <span class='ocrx_word' id='word_1_103' title='bbox 610 2135 669 2199; x_wconf 91' lang='lat' dir='ltr'>viri</span> <span class='ocrx_word' id='word_1_104' title='bbox 693 2136 851 2200; x_wconf 90' lang='lat' dir='ltr'>sententia</span> <span class='ocrx_word' id='word_1_105' title='bbox 872 2138 983 2221; x_wconf 90' lang='lat' dir='ltr'>ponit,</span> 
     </span>
     <span class='ocr_line' id='line_1_17' title="bbox 167 2248 1041 2334; baseline 0.002 -20"><span class='ocrx_word' id='word_1_106' title='bbox 167 2248 317 2332; x_wconf 87' lang='lat' dir='ltr'>corporis</span> <span class='ocrx_word' id='word_1_107' title='bbox 339 2254 437 2331; x_wconf 86' lang='lat' dir='ltr'>atque</span> <span class='ocrx_word' id='word_1_108' title='bbox 460 2250 556 2312; x_wconf 89' lang='lat' dir='ltr'>animi</span> <span class='ocrx_word' id='word_1_109' title='bbox 579 2249 773 2334; x_wconf 84' lang='lat' dir='ltr'>primordia,</span> <span class='ocrx_word' id='word_1_110' title='bbox 792 2251 920 2334; x_wconf 84' lang='lat' dir='ltr'>singula</span> <span class='ocrx_word' id='word_1_111' title='bbox 942 2251 1041 2334; x_wconf 89' lang='lat' dir='ltr'>privis</span> 
     </span>
     <span class='ocr_line' id='line_1_18' title="bbox 149 2363 1048 2454; baseline 0.001 -27"><span class='ocrx_word' id='word_1_112' title='bbox 149 2363 344 2454; x_wconf 78' lang='lat' dir='ltr'>adposita,</span> <span class='ocrx_word' id='word_1_113' title='bbox 361 2363 494 2428; x_wconf 88' lang='lat' dir='ltr'>alternis</span> <span class='ocrx_word' id='word_1_114' title='bbox 515 2365 658 2448; x_wconf 86' lang='lat' dir='ltr'>variare,</span> <span class='ocrx_word' id='word_1_115' title='bbox 677 2385 715 2429; x_wconf 89' lang='lat' dir='ltr'>ac</span> <span class='ocrx_word' id='word_1_116' title='bbox 734 2371 861 2429; x_wconf 80' lang='lat' dir='ltr'>nectere</span> <span class='ocrx_word' id='word_1_117' title='bbox 884 2365 1048 2430; x_wconf 88' lang='lat' dir='ltr'>membra.</span> 
     </span>
     <span class='ocr_line' id='line_1_19' title="bbox 168 2478 1030 2544; baseline 0.001 -4"><span class='ocrx_word' id='word_1_118' title='bbox 168 2496 248 2540; x_wconf 88' lang='lat' dir='ltr'>nam</span> <span class='ocrx_word' id='word_1_119' title='bbox 272 2495 342 2540; x_wconf 90' lang='lat' dir='ltr'>cum</span> <span class='ocrx_word' id='word_1_120' title='bbox 364 2478 463 2544; x_wconf 86' lang='lat' dir='ltr'>multo</span> <span class='ocrx_word' id='word_1_121' title='bbox 488 2485 561 2542; x_wconf 91' lang='lat' dir='ltr'>sunt</span> <span class='ocrx_word' id='word_1_122' title='bbox 583 2479 741 2543; x_wconf 89' lang='lat' dir='ltr'>elementa</span> <span class='ocrx_word' id='word_1_123' title='bbox 763 2479 888 2543; x_wconf 86' lang='lat' dir='ltr'>minora</span> <span class='ocrx_word' id='word_1_124' title='bbox 911 2479 1030 2542; x_wconf 87' lang='lat' dir='ltr'>animai</span> 
     </span>
     <span class='ocr_line' id='line_1_20' title="bbox 90 2590 1088 2677; baseline 0 -22"><span class='ocrx_word' id='word_1_125' title='bbox 90 2615 143 2662; x_wconf 77' lang='lat'>375</span> <span class='ocrx_word' id='word_1_126' title='bbox 170 2612 269 2674; x_wconf 90' lang='lat' dir='ltr'>quam</span> <span class='ocrx_word' id='word_1_127' title='bbox 293 2590 406 2672; x_wconf 87' lang='lat' dir='ltr'>quibus</span> <span class='ocrx_word' id='word_1_128' title='bbox 429 2612 447 2656; x_wconf 91' lang='lat' dir='ltr'>e</span> <span class='ocrx_word' id='word_1_129' title='bbox 470 2613 585 2677; x_wconf 90' lang='lat' dir='ltr'>corpus</span> <span class='ocrx_word' id='word_1_130' title='bbox 608 2593 700 2657; x_wconf 87' lang='lat' dir='ltr'>nobis</span> <span class='ocrx_word' id='word_1_131' title='bbox 724 2599 755 2656; x_wconf 91' lang='lat' dir='ltr'>ct</span> <span class='ocrx_word' id='word_1_132' title='bbox 776 2594 899 2657; x_wconf 87' lang='lat' dir='ltr'>viscera</span> <span class='ocrx_word' id='word_1_133' title='bbox 922 2599 1088 2676; x_wconf 88' lang='lat' dir='ltr'>constant,</span> 
     </span>
     <span class='ocr_line' id='line_1_21' title="bbox 169 2706 1082 2790; baseline 0.001 -20"><span class='ocrx_word' id='word_1_134' title='bbox 169 2714 240 2770; x_wconf 88' lang='lat' dir='ltr'>turn</span> <span class='ocrx_word' id='word_1_135' title='bbox 262 2725 392 2770; x_wconf 89' lang='lat' dir='ltr'>numero</span> <span class='ocrx_word' id='word_1_136' title='bbox 416 2727 542 2788; x_wconf 91' lang='lat' dir='ltr'>quoque</span> <span class='ocrx_word' id='word_1_137' title='bbox 565 2706 743 2772; x_wconf 85' lang='lat' dir='ltr'>concedunt</span> <span class='ocrx_word' id='word_1_138' title='bbox 765 2712 796 2771; x_wconf 90' lang='lat' dir='ltr'>et</span> <span class='ocrx_word' id='word_1_139' title='bbox 818 2727 894 2770; x_wconf 87' lang='lat' dir='ltr'>rara</span> <span class='ocrx_word' id='word_1_140' title='bbox 917 2726 974 2790; x_wconf 92' lang='lat' dir='ltr'>pcr</span> <span class='ocrx_word' id='word_1_141' title='bbox 994 2714 1082 2771; x_wconf 87' lang='lat' dir='ltr'>artus</span> 
     </span>
     <span class='ocr_line' id='line_1_22' title="bbox 171 2818 1114 2906; baseline 0.003 -22"><span class='ocrx_word' id='word_1_142' title='bbox 171 2818 288 2884; x_wconf 89' lang='lat' dir='ltr'>dissita</span> <span class='ocrx_word' id='word_1_143' title='bbox 310 2825 402 2905; x_wconf 83' lang='lat' dir='ltr'>sunt,</span> <span class='ocrx_word' id='word_1_144' title='bbox 420 2820 492 2884; x_wconf 90' lang='lat' dir='ltr'>dum</span> <span class='ocrx_word' id='word_1_145' title='bbox 516 2827 625 2900; x_wconf 86' lang='lat' dir='ltr'>taxat;</span> <span class='ocrx_word' id='word_1_146' title='bbox 642 2827 677 2885; x_wconf 85' lang='lat' dir='ltr'>ut</span> <span class='ocrx_word' id='word_1_147' title='bbox 699 2822 761 2886; x_wconf 88' lang='lat' dir='ltr'>hoe</span> <span class='ocrx_word' id='word_1_148' title='bbox 782 2822 966 2906; x_wconf 85' lang='lat' dir='ltr'>promittere</span> <span class='ocrx_word' id='word_1_149' title='bbox 989 2823 1114 2906; x_wconf 89' lang='lat' dir='ltr'>possis,</span> 
     </span>
     <span class='ocr_line' id='line_1_23' title="bbox 171 2933 945 3019; baseline 0.005 -22"><span class='ocrx_word' id='word_1_150' title='bbox 171 2933 328 3016; x_wconf 89' lang='lat' dir='ltr'>quantula</span> <span class='ocrx_word' id='word_1_151' title='bbox 350 2937 442 3019; x_wconf 87' lang='lat' dir='ltr'>priva</span> <span class='ocrx_word' id='word_1_152' title='bbox 466 2943 584 3018; x_wconf 86' lang='lat' dir='ltr'>queant</span> <span class='ocrx_word' id='word_1_153' title='bbox 606 2937 699 3001; x_wconf 89' lang='lat' dir='ltr'>nobis</span> <span class='ocrx_word' id='word_1_154' title='bbox 721 2937 838 3001; x_wconf 85' lang='lat' dir='ltr'>iniecta</span> <span class='ocrx_word' id='word_1_155' title='bbox 861 2937 945 3002; x_wconf 87' lang='lat' dir='ltr'>ciere</span> 
     </span>
     <span class='ocr_line' id='line_1_24' title="bbox 170 3050 971 3135; baseline 0.004 -23"><span class='ocrx_word' id='word_1_156' title='bbox 170 3067 309 3132; x_wconf 89' lang='lat' dir='ltr'>corpora</span> <span class='ocrx_word' id='word_1_157' title='bbox 330 3050 501 3116; x_wconf 84' lang='lat' dir='ltr'>sensiferos</span> <span class='ocrx_word' id='word_1_158' title='bbox 524 3057 627 3117; x_wconf 86' lang='lat' dir='ltr'>motus</span> <span class='ocrx_word' id='word_1_159' title='bbox 649 3053 682 3116; x_wconf 90' lang='lat' dir='ltr'>in</span> <span class='ocrx_word' id='word_1_160' title='bbox 706 3071 840 3135; x_wconf 89' lang='lat' dir='ltr'>corpore</span> <span class='ocrx_word' id='word_1_161' title='bbox 852 3101 860 3135; x_wconf 88' lang='lat'><em>‚</em></span> <span class='ocrx_word' id='word_1_162' title='bbox 882 3058 971 3116; x_wconf 87' lang='lat' dir='ltr'>tanta</span> 
     </span>
     <span class='ocr_line' id='line_1_25' title="bbox 81 3162 908 3250; baseline 0.002 -24"><span class='ocrx_word' id='word_1_163' title='bbox 81 3181 133 3228; x_wconf 79' lang='lat' dir='ltr'>auo</span> <span class='ocrx_word' id='word_1_164' title='bbox 173 3162 342 3228; x_wconf 85' lang='lat' dir='ltr'>intervalla</span> <span class='ocrx_word' id='word_1_165' title='bbox 363 3171 473 3230; x_wconf 84' lang='lat' dir='ltr'>tenero</span> <span class='ocrx_word' id='word_1_166' title='bbox 497 3167 630 3230; x_wconf 87' lang='lat' dir='ltr'>exordia</span> <span class='ocrx_word' id='word_1_167' title='bbox 651 3168 743 3250; x_wconf 81' lang='lat' dir='ltr'>priva</span> <span class='ocrx_word' id='word_1_168' title='bbox 765 3166 908 3229; x_wconf 90' lang='lat' dir='ltr'>animai.</span> 
     </span>
     <span class='ocr_line' id='line_1_26' title="bbox 174 3280 1119 3363; baseline 0.002 -23"><span class='ocrx_word' id='word_1_169' title='bbox 174 3298 251 3340; x_wconf 90' lang='lat' dir='ltr'>nam</span> <span class='ocrx_word' id='word_1_170' title='bbox 275 3297 377 3359; x_wconf 89' lang='lat' dir='ltr'>neque</span> <span class='ocrx_word' id='word_1_171' title='bbox 400 3280 540 3363; x_wconf 87' lang='lat' dir='ltr'>pulveris</span> <span class='ocrx_word' id='word_1_172' title='bbox 562 3281 644 3344; x_wconf 87' lang='lat' dir='ltr'>inter·</span> <span class='ocrx_word' id='word_1_173' title='bbox 666 3281 740 3344; x_wconf 95' lang='lat' dir='ltr'>dum</span> <span class='ocrx_word' id='word_1_174' title='bbox 764 3280 918 3344; x_wconf 86' lang='lat' dir='ltr'>sentimus</span> <span class='ocrx_word' id='word_1_175' title='bbox 942 3280 1119 3344; x_wconf 84' lang='lat' dir='ltr'>adhaesum</span> 
     </span>
     <span class='ocr_line' id='line_1_27' title="bbox 174 3394 1038 3473; baseline 0 -18"><span class='ocrx_word' id='word_1_176' title='bbox 174 3409 309 3473; x_wconf 90' lang='lat' dir='ltr'>corpore</span> <span class='ocrx_word' id='word_1_177' title='bbox 331 3411 391 3456; x_wconf 89' lang='lat' dir='ltr'>nec</span> <span class='ocrx_word' id='word_1_178' title='bbox 413 3394 563 3459; x_wconf 87' lang='lat' dir='ltr'>membris</span> <span class='ocrx_word' id='word_1_179' title='bbox 586 3395 747 3459; x_wconf 87' lang='lat' dir='ltr'>incussam</span> <span class='ocrx_word' id='word_1_180' title='bbox 771 3395 875 3458; x_wconf 87' lang='lat' dir='ltr'>sidere</span> <span class='ocrx_word' id='word_1_181' title='bbox 900 3401 1038 3470; x_wconf 88' lang='lat' dir='ltr'>cretam,</span> 
     </span>
     <span class='ocr_line' id='line_1_28' title="bbox 173 3504 993 3590; baseline 0.002 -22"><span class='ocrx_word' id='word_1_182' title='bbox 173 3524 234 3568; x_wconf 88' lang='lat' dir='ltr'>nee</span> <span class='ocrx_word' id='word_1_183' title='bbox 255 3504 405 3568; x_wconf 86' lang='lat' dir='ltr'>nebulam</span> <span class='ocrx_word' id='word_1_184' title='bbox 428 3511 525 3572; x_wconf 85' lang='lat' dir='ltr'>no&#39;ctu</span> <span class='ocrx_word' id='word_1_185' title='bbox 547 3527 651 3590; x_wconf 87' lang='lat' dir='ltr'>neque</span> <span class='ocrx_word' id='word_1_186' title='bbox 675 3509 784 3572; x_wconf 87' lang='lat' dir='ltr'>aranei</span> <span class='ocrx_word' id='word_1_187' title='bbox 807 3507 915 3571; x_wconf 86' lang='lat' dir='ltr'>tenvia</span> <span class='ocrx_word' id='word_1_188' title='bbox 937 3506 993 3570; x_wconf 90' lang='lat' dir='ltr'>fila</span> 
     </span>
     <span class='ocr_line' id='line_1_29' title="bbox 173 3618 965 3704; baseline 0.001 -21"><span class='ocrx_word' id='word_1_189' title='bbox 173 3618 271 3683; x_wconf 87' lang='lat' dir='ltr'>obvia</span> <span class='ocrx_word' id='word_1_190' title='bbox 293 3618 465 3696; x_wconf 87' lang='lat' dir='ltr'>sentimus,</span> <span class='ocrx_word' id='word_1_191' title='bbox 483 3621 613 3702; x_wconf 88' lang='lat' dir='ltr'>quando</span> <span class='ocrx_word' id='word_1_192' title='bbox 637 3622 811 3687; x_wconf 89' lang='lat' dir='ltr'>obretimur</span> <span class='ocrx_word' id='word_1_193' title='bbox 833 3627 965 3704; x_wconf 89' lang='lat' dir='ltr'>euntes,</span> 
     </span>
     <span class='ocr_line' id='line_1_30' title="bbox 95 3736 974 3815; baseline 0.001 -17"><span class='ocrx_word' id='word_1_194' title='bbox 95 3751 145 3800; x_wconf 79' lang='lat'>385</span> <span class='ocrx_word' id='word_1_195' title='bbox 171 3753 233 3797; x_wconf 90' lang='lat' dir='ltr'>nec</span> <span class='ocrx_word' id='word_1_196' title='bbox 255 3752 371 3815; x_wconf 88' lang='lat' dir='ltr'>supera</span> <span class='ocrx_word' id='word_1_197' title='bbox 394 3738 491 3815; x_wconf 85' lang='lat' dir='ltr'>caput</span> <span class='ocrx_word' id='word_1_198' title='bbox 513 3736 657 3803; x_wconf 89' lang='lat' dir='ltr'>eiusdem</span> <span class='ocrx_word' id='word_1_199' title='bbox 681 3736 833 3802; x_wconf 85' lang='lat' dir='ltr'>cecidisse</span> <span class='ocrx_word' id='word_1_200' title='bbox 855 3736 974 3801; x_wconf 88' lang='lat' dir='ltr'>vietam</span> 
     </span>
     <span class='ocr_line' id='line_1_31' title="bbox 170 3847 1059 3938; baseline 0.008 -28"><span class='ocrx_word' id='word_1_201' title='bbox 170 3853 291 3912; x_wconf 85' lang='lat' dir='ltr'>vestem</span> <span class='ocrx_word' id='word_1_202' title='bbox 305 3898 312 3924; x_wconf 89' lang='lat'>‚</span> <span class='ocrx_word' id='word_1_203' title='bbox 328 3865 388 3912; x_wconf 91' lang='lat' dir='ltr'>nec</span> <span class='ocrx_word' id='word_1_204' title='bbox 409 3847 537 3929; x_wconf 88' lang='lat' dir='ltr'>plumas</span> <span class='ocrx_word' id='word_1_205' title='bbox 560 3851 665 3916; x_wconf 88' lang='lat' dir='ltr'>avium</span> <span class='ocrx_word' id='word_1_206' title='bbox 687 3871 878 3938; x_wconf 88' lang='lat' dir='ltr'>papposque</span> <span class='ocrx_word' id='word_1_207' title='bbox 899 3851 1059 3930; x_wconf 85' lang='lat' dir='ltr'>volantis,</span> 
     </span>
    </p>
   </div>
   <div class='ocr_carea' id='block_1_3' title="bbox 173 4030 372 4038">
    <p class='ocr_par' dir='ltr' id='par_1_3' title="bbox 173 4030 372 4038">
     <span class='ocr_line' id='line_1_32' title="bbox 173 4030 372 4038; baseline 0 0"><span class='ocrx_word' id='word_1_208' title='bbox 173 4030 372 4038; x_wconf 68' lang='grc'>--.--</span> 
     </span>
    </p>
   </div>
   <div class='ocr_carea' id='block_1_4' title="bbox 175 4146 1298 4219">
    <p class='ocr_par' dir='ltr' id='par_1_4' title="bbox 175 4146 1298 4219">
     <span class='ocr_line' id='line_1_33' title="bbox 175 4146 1298 4219; baseline 0.003 -24"><span class='ocrx_word' id='word_1_209' title='bbox 175 4148 225 4196; x_wconf 84' lang='grc'>357</span> <span class='ocrx_word' id='word_1_210' title='bbox 244 4149 319 4199; x_wconf 87' lang='lat' dir='ltr'>Perdi</span> <span class='ocrx_word' id='word_1_211' title='bbox 341 4147 355 4217; x_wconf 96' lang='grc' dir='ltr'>Η</span> <span class='ocrx_word' id='word_1_212' title='bbox 376 4151 426 4199; x_wconf 81' lang='grc'>358</span> <span class='ocrx_word' id='word_1_213' title='bbox 446 4150 578 4212; x_wconf 86' lang='lat' dir='ltr'>Multaque</span> <span class='ocrx_word' id='word_1_214' title='bbox 598 4146 612 4216; x_wconf 95' lang='grc' dir='ltr'>Η</span> <span class='ocrx_word' id='word_1_215' title='bbox 632 4153 757 4214; x_wconf 86' lang='lat' dir='ltr'>perditum</span> <span class='ocrx_word' id='word_1_216' title='bbox 775 4154 911 4219; x_wconf 81' lang='lat' dir='ltr'>expellitur</span> <span class='ocrx_word' id='word_1_217' title='bbox 928 4168 991 4203; x_wconf 82' lang='lat' dir='ltr'>acro</span> <span class='ocrx_word' id='word_1_218' title='bbox 1011 4167 1103 4214; x_wconf 88' lang='lat' dir='ltr'>quam.</span> <span class='ocrx_word' id='word_1_219' title='bbox 1125 4148 1138 4216; x_wconf 99' lang='grc' dir='ltr'>Η</span> <span class='ocrx_word' id='word_1_220' title='bbox 1159 4153 1207 4198; x_wconf 89' lang='grc'>361</span> <span class='ocrx_word' id='word_1_221' title='bbox 1222 4151 1298 4199; x_wconf 86' lang='lat' dir='ltr'>Diffi·</span> 
     </span>
    </p>
   </div>
   <div class='ocr_carea' id='block_1_5' title="bbox 176 4231 1297 4392">
    <p class='ocr_par' dir='ltr' id='par_1_5' title="bbox 176 4231 1297 4392">
     <span class='ocr_line' id='line_1_34' title="bbox 176 4231 1297 4309; baseline 0.007 -29"><span class='ocrx_word' id='word_1_222' title='bbox 176 4233 247 4283; x_wconf 81' lang='lat' dir='ltr'>cilest</span> <span class='ocrx_word' id='word_1_223' title='bbox 266 4231 279 4301; x_wconf 96' lang='grc' dir='ltr'>Η</span> <span class='ocrx_word' id='word_1_224' title='bbox 300 4237 377 4286; x_wconf 85' lang='lat' dir='ltr'>ducat</span> <span class='ocrx_word' id='word_1_225' title='bbox 397 4236 410 4303; x_wconf 95' lang='grc' dir='ltr'>Η</span> <span class='ocrx_word' id='word_1_226' title='bbox 432 4239 481 4287; x_wconf 82' lang='grc'>365</span> <span class='ocrx_word' id='word_1_227' title='bbox 501 4253 552 4300; x_wconf 84' lang='lat' dir='ltr'>qua</span> <span class='ocrx_word' id='word_1_228' title='bbox 572 4233 586 4304; x_wconf 98' lang='grc' dir='ltr'>Η</span> <span class='ocrx_word' id='word_1_229' title='bbox 606 4239 656 4285; x_wconf 84' lang='grc'>372</span> <span class='ocrx_word' id='word_1_230' title='bbox 676 4239 780 4300; x_wconf 85' lang='lat' dir='ltr'>primis.</span> <span class='ocrx_word' id='word_1_231' title='bbox 802 4237 814 4307; x_wconf 97' lang='grc' dir='ltr'>Η</span> <span class='ocrx_word' id='word_1_232' title='bbox 835 4244 886 4290; x_wconf 84' lang='grc'>374</span> <span class='ocrx_word' id='word_1_233' title='bbox 901 4242 1001 4291; x_wconf 81' lang='lat' dir='ltr'>animae</span> <span class='ocrx_word' id='word_1_234' title='bbox 1016 4238 1267 4289; x_wconf 82' lang='lat' dir='ltr'>elementaminora.</span> <span class='ocrx_word' id='word_1_235' title='bbox 1282 4235 1297 4309; x_wconf 96' lang='grc' dir='ltr'>Η</span> 
     </span>
     <span class='ocr_line' id='line_1_35' title="bbox 176 4315 843 4392; baseline 0.012 -22"><span class='ocrx_word' id='word_1_236' title='bbox 176 4315 226 4370; x_wconf 80' lang='grc'>378</span> <span class='ocrx_word' id='word_1_237' title='bbox 244 4323 327 4388; x_wconf 79' lang='lat' dir='ltr'>prima</span> <span class='ocrx_word' id='word_1_238' title='bbox 348 4321 360 4391; x_wconf 96' lang='grc' dir='ltr'>Η</span> <span class='ocrx_word' id='word_1_239' title='bbox 382 4326 432 4374; x_wconf 89' lang='grc'>380</span> <span class='ocrx_word' id='word_1_240' title='bbox 451 4325 533 4392; x_wconf 85' lang='lat' dir='ltr'>prima</span> <span class='ocrx_word' id='word_1_241' title='bbox 553 4319 566 4392; x_wconf 96' lang='grc' dir='ltr'>Η</span> <span class='ocrx_word' id='word_1_242' title='bbox 588 4324 637 4373; x_wconf 89' lang='grc'>383</span> <span class='ocrx_word' id='word_1_243' title='bbox 657 4325 728 4372; x_wconf 84' lang='lat' dir='ltr'>arani</span> <span class='ocrx_word' id='word_1_244' title='bbox 748 4327 843 4378; x_wconf 81' lang='lat' dir='ltr'>tenulla</span> 
     </span>
    </p>
   </div>
   <div class='ocr_carea' id='block_1_6' title="bbox 0 0 1672 4994">
    <p class='ocr_par' dir='ltr' id='par_1_6' title="bbox 0 0 1672 4994">
     <span class='ocr_line' id='line_1_36' title="bbox 0 0 1672 4994; baseline 0 0"><span class='ocrx_word' id='word_1_245' title='bbox 0 0 1672 4994; x_wconf 95' lang='lat' dir='ltr'> </span> 
     </span>
    </p>
   </div>
  </div>
 </body>
</html>
