3236 5020
334 342 376 406 56
883 338 916 400 lI

268 529 320 574 474
345 527 436 572 umor
459 507 580 584 dulcis,
597 507 650 570 ubi
672 526 730 591 per
751 511 854 570 terras
876 507 1017 572 crebrius
1039 506 1125 574 idem

346 621 547 705 percolatur,
564 626 599 684 ut
619 620 651 684 in
674 619 803 686 foveam
825 620 902 684 fluat
924 641 963 686 ac
985 628 1207 700 mansuescat,

269 756 319 801 477
346 754 462 819 aspera
485 756 547 816 quo
570 735 672 818 magis
694 734 728 798 in
751 735 843 800 terris
866 734 1053 800 haerescere
1075 737 1219 820 possint.

390 848 483 925 Quod
507 850 657 930 quoniam
682 848 797 932 docui,
814 868 948 933 pergam
972 856 1140 915 conectere
1162 870 1229 916 rem
1252 869 1335 934 quac

347 983 389 1028 ex
409 964 469 1028 boc
492 970 567 1048 apta
588 963 685 1028 fidem
708 962 822 1041 ducat,
838 964 1013 1047 primordia
1034 983 1138 1030 rerum
1223 1009 1226 1014 -

271 1101 322 1148 480
346 1079 436 1144 finita
457 1078 583 1142 variare
606 1076 778 1161 figurarum
800 1078 943 1142 ratione.

348 1192 483 1276 quodsi
507 1212 570 1256 non
593 1191 636 1255 ita
660 1193 719 1275 sit,
737 1211 861 1255 rursum
883 1192 948 1255 iam
971 1193 1094 1257 semina
1116 1194 1275 1276 quaedam

347 1326 418 1372 esse
439 1305 562 1370 infinito
586 1305 749 1370 debebunt
771 1306 914 1389 corporis
936 1313 1050 1370 auctu.

337 1403 484 1502 'namque
506 1420 619 1485 eadem
642 1420 735 1485 unius
759 1420 907 1485 cuiusvis
921 1421 953 1484 in
976 1422 1130 1486 brevitate

347 1535 489 1621 corporis
511 1535 593 1599 inter
615 1553 650 1599 se
673 1536 805 1598 multum
827 1537 954 1602 variare
977 1536 1100 1617 figurae

272 1670 323 1718 485
349 1669 414 1713 non
437 1656 590 1733 possunt.
607 1648 661 1713 fac
683 1650 765 1714 cuim
788 1652 927 1714 minimis
951 1671 967 1714 0
990 1651 1133 1733 partibus
1155 1669 1227 1715 esse

349 1784 484 1848 corpora
505 1764 608 1847 prima
630 1765 752 1842 tribus,
769 1765 822 1830 vel
843 1765 939 1848 paulo
963 1765 1107 1847 pluribus
1129 1786 1232 1848 ange:

349 1897 464 1962 nempe
489 1878 544 1942 ubi
568 1899 622 1944 eas
645 1879 745 1963 partis
768 1879 861 1944 unius
885 1877 1029 1961 corporis
1051 1880 1176 1954 omnis,

350 2013 473 2058 summa
495 1999 591 2075 atquc
613 1994 678 2058 ima
700 1994 831 2068 locans,
847 1997 1065 2057 transmutans
1088 1993 1220 2056 dextera
1241 1992 1363 2069 laevis,

350 2107 540 2172 omnimodis
563 2114 712 2192 expertus
736 2109 819 2182 eris,
836 2127 931 2188 quam
957 2107 1094 2187 quisque
1115 2106 1169 2171 det
1191 2106 1269 2169 ordo

273 2243 324 2290 400
349 2222 464 2286 forroai
486 2223 626 2305 speciem
648 2223 745 2286 totius
769 2221 913 2304 corporis
936 2220 1026 2303 eius,

349 2336 436 2419 quod
459 2357 554 2421 super
577 2345 644 2422 est,
661 2338 688 2401 si
710 2336 791 2400 forte
813 2334 903 2400 voles
926 2334 1051 2399 variare
1074 2331 1212 2416 figuras,

348 2449 531 2516 addendum
552 2452 652 2535 partis
675 2450 757 2514 allas
781 2451 859 2514 erit.
876 2449 950 2513 inde
971 2455 1140 2534 sequetur,

350 2565 490 2630 adsimili
514 2566 637 2630 ratione
660 2566 741 2630 alias
764 2571 799 2628 ut
820 2565 960 2648 postulet
983 2565 1081 2648 ordo,

351 2682 378 2747 si
400 2688 434 2745 tu
455 2681 536 2744 forte
558 2681 647 2746 70107
670 2681 765 2745 etiam
786 2680 912 2743 variare
933 2679 1071 2762 figuras.

275 2818 326 2866 495
350 2816 427 2878 ergo
449 2794 623 2858 formarum
645 2796 818 2858 novitatem
841 2794 982 2876 corporis
1005 2812 1143 2876 augmen

351 2909 571 2991 subsequium.
590 2926 690 2989 quare
712 2911 777 2971 non'
799 2916 847 2974 est
869 2915 903 2973 ut
925 2908 1056 2974 credere
1079 2907 1184 2993 possis

351 3043 422 3093 0770
443 3022 572 3088 infinitis
595 3021 748 3087 distantia
770 3025 894 3089 semina
915 3002 1045 3105 dormis,

352 3158 392 3202 ne
414 3137 577 3219 quaedam
600 3158 698 3221 cogas
720 3139 839 3202 inmani
861 3138 1055 3203 maximitate

353 3271 444 3327 0770,
460 3272 557 3334 supra
580 3251 664 3334 quod
688 3253 752 3316 iam
775 3254 868 3319 docui
892 3273 955 3317 non
977 3271 1074 3335 posse
1097 3251 1247 3334 probari,

277 3387 328 3434 000
353 3366 417 3429 iam
439 3365 495 3430 tibi
519 3366 708 3432 barbaricae
731 3379 836 3435 vestes
859 3368 1080 3447 Meliboeaque
1102 3364 1229 3445 fulgens

352 3501 495 3565 purpura
511 3480 700 3548 Thessalico
724 3482 916 3548 concharum
938 3486 1022 3545 tacta
1044 3479 1171 3561 colore,

354 3613 473 3679 aurea,
489 3616 648 3678 pavonum
672 3596 787 3661 ridenti
809 3597 932 3659 imitata
954 3595 1065 3677 lepore

354 3711 482 3788 saecla,
498 3731 581 3776 novo
603 3731 707 3774 rerum
730 3716 881 3792 superata
903 3707 1010 3772 colore
1032 3705 1173 3770 iacerent

355 3831 387 3890 et
408 3831 608 3908 contemptus
631 3824 709 3889 odor
730 3843 880 3908 smyrnae
903 3820 1070 3902 mellisque
1093 3839 1246 3904 sapores,

357 4128 407 4178 48³
425 4125 452 4172 in
471 4124 559 4173 cedem
578 4138 629 4171 una
648 4117 662 4190 Η
682 4125 732 4173 486
751 4124 828 4187 paula
848 4120 861 4190 Η
881 4125 933 4171 488
951 4131 1103 4172 7777777777
1122 4121 1136 4189 ΙΙ
1156 4123 1207 4170 489
1225 4119 1373 4169 Omnimodi
1394 4119 1407 4186 ΙΙ
1427 4121 1478 4168 495

355 4211 492 4274 augimen.
513 4208 526 4274 ΙΙ
547 4208 707 4258 4971077170
727 4207 741 4278 Η
761 4213 811 4260 499
824 4211 948 4274 probare.
969 4206 982 4276 ΙΙ
1003 4212 1052 4260 501
1067 4219 1134 4260 tecta
1153 4205 1167 4275 ΙΙ
1188 4210 1238 4257 502
1252 4207 1336 4256 rident
1347 4205 1445 4256 imbuta
1465 4203 1478 4273 ΙΙ

360 4300 410 4348 503
429 4311 496 4344 nova
515 4293 529 4360 Η
549 4296 600 4343 504
619 4296 683 4345 udor
