3240 5010
701 366 728 428 V

150 535 197 598 nii
219 541 328 599 tamen
352 540 401 600 est
424 535 507 619 sigui
532 536 648 600 mixtas
670 535 811 618 potuisse
834 536 937 600 creari

149 650 236 714 iuter
257 669 292 714 se
315 648 455 733 pecudes
478 654 710 732 compactaque
732 649 875 712 membra
896 649 1113 734 animantum,

77 785 125 830 oro
152 769 326 846 propterca
349 762 425 844 quia
445 781 529 844 quae
551 762 592 826 de
614 763 707 826 terris
731 781 813 826 nunc
835 781 963 844 quoque
986 764 1151 828 abundant

151 876 323 940 herbarum
345 896 527 959 generaco
549 875 657 960 fruges
679 875 871 956 arbustaque
894 875 978 939 laeta

148 1010 217 1054 non
240 997 345 1054 tamen
367 992 448 1056 inter
471 1011 505 1056 se
527 965 661 1076 possunt
683 990 851 1074 complexa
874 989 996 1068 creari,

150 1105 213 1170 sed
235 1104 283 1169 vis
306 1124 453 1187 quaeque
478 1125 534 1170 suo
556 1104 619 1167 ritu
641 1103 804 1188 procedit,
822 1110 853 1167 et
875 1123 987 1168 omncs

150 1216 286 1282 foedere
310 1225 444 1284 naturae
467 1224 553 1284 certo
578 1217 763 1283 discrimina
786 1224 936 1282 servant.

76 1353 123 1400 925
200 1333 241 1395 At
262 1353 364 1416 genus
387 1333 561 1398 humanum
583 1333 682 1396 multo
705 1329 762 1395 suit
783 1331 863 1395 illud
886 1333 918 1395 in
941 1334 1026 1396 arvis

151 1447 286 1524 durius,
302 1453 337 1510 ut
357 1447 481 1531 decuit,
498 1448 594 1512 tellus
618 1445 702 1528 quod
727 1443 808 1510 dura
831 1454 991 1524 creasset,

150 1569 188 1626 et
209 1560 382 1626 maioribus
405 1569 436 1626 et
457 1561 569 1627 solidis
590 1562 694 1644 magis
718 1560 844 1624 ossibus
867 1561 953 1624 intus

151 1674 343 1759 fundatum,
360 1675 477 1740 validis
499 1682 608 1759 aptum
630 1655 833 1758 perviscera
855 1651 982 1749 cervis,

152 1809 215 1853 nec
237 1787 332 1852 facile
355 1807 394 1853 ex
417 1795 508 1853 aestu
532 1809 589 1854 nec
611 1787 730 1870 frigore
754 1787 841 1869 quod
864 1795 1048 1872 caperetur,

79 1925 126 1972 ouo
156 1923 216 1968 nee
238 1902 379 1968 novitate
403 1903 466 1967 cibi
488 1923 549 1968 nec
571 1903 637 1967 labi
661 1904 803 1987 corporis
826 1903 914 1971 ulta.

154 2018 322 2101 multaque
343 2038 401 2101 per
423 2019 545 2082 caelum
568 2018 646 2083 solis
668 2018 830 2082 volventia
853 2017 953 2084 lustra

155 2132 331 2214 volgivago
353 2134 452 2198 vitam
474 2132 655 2198 tractabant
677 2152 764 2196 more
786 2130 946 2195 ferarum.

154 2268 214 2312 nee
236 2246 385 2312 robustus
409 2252 477 2310 erat
499 2246 586 2311 curvi
611 2247 792 2311 moderator
814 2241 913 2310 aratri

156 2362 346 2445 quisquam,
362 2381 421 2444 nec
445 2361 554 2444 scibat
567 2360 650 2423 forro
673 2360 816 2423 molirier
838 2380 918 2425 arva

80 2499 128 2546 935
156 2495 214 2540 neo
237 2496 322 2541 nova
345 2474 498 2540 defodere
523 2475 555 2537 in
578 2480 697 2538 terram
719 2473 858 2556 virgulta
880 2493 983 2554 neque
1006 2472 1080 2538 altis

160 2591 326 2656 arboribus
348 2597 474 2655 veteres
497 2587 648 2654 decidere
671 2587 798 2653 falcibu’
822 2609 950 2652 ramos.

159 2705 246 2787 quod
269 2705 317 2769 sol
339 2710 436 2785 atque
459 2704 577 2768 imbres
601 2703 776 2787 dederant,
793 2703 879 2784 quod
901 2711 989 2768 terra
1011 2707 1136 2768 crearat

158 2825 271 2904 sponte
294 2839 373 2902 sua,
390 2817 469 2884 satis
491 2817 525 2882 id
547 2817 699 2902 placabat
719 2825 853 2902 pectora
874 2818 1013 2882 donum.

160 2932 357 3015 glandiferas
380 2933 463 2998 iuter
486 2933 641 2999 curabant
663 2954 799 3018 corpora
822 2951 958 3015 quercus

81 3069 132 3115 aro
158 3049 365 3132 plerumque:
384 3054 415 3113 et
437 3069 520 3131 quae
542 3070 627 3114 nunc
650 3050 780 3116 hiberno
804 3057 946 3134 ternpore
970 3046 1073 3112 cernis

158 3163 262 3227 arbita
284 3162 418 3245 puniceo
442 3163 510 3228 fieri
532 3172 658 3230 matura
682 3167 811 3240 colore,

157 3277 295 3363 plurima
317 3282 382 3340 tum
406 3277 500 3344 tellus
523 3280 620 3344 ctiam
642 3280 767 3344 maiora
789 3278 936 3343 ferebat.

157 3391 321 3474 multaque
344 3398 514 3476 praeterea
535 3394 663 3458 novitas
685 3399 751 3456 tum
775 3392 890 3456 florida
912 3389 1022 3453 mundi

155 3506 277 3592 pabula
299 3505 380 3570 dura
402 3504 492 3582 tulit,
510 3506 634 3571 miseris
656 3505 842 3570 mortalibus
865 3502 993 3586 ampla.

83 3642 133 3693 945
159 3626 193 3685 at
216 3619 331 3685 sedare
354 3620 439 3686 sitim
461 3620 549 3685 duvii
572 3623 739 3700 fontesque
762 3619 939 3700 vocabant,

157 3742 192 3799 ut
213 3755 298 3798 nune
320 3736 478 3800 montibus
501 3735 669 3819 enmagnis
691 3733 845 3808 decursus
868 3734 966 3815 aquai

158 3849 318 3932 elarigitat
339 3850 404 3914 late
426 3850 567 3915 sitientia
589 3851 698 3916 saecla
720 3848 881 3914 ferarum.

160 3962 301 4044 denique
323 3969 401 4028 nota
424 3962 498 4047 vagi
523 3963 681 4029 silvestria
703 3965 823 4048 templa
844 3963 1002 4028 tenebant-

163 4240 214 4288 923
233 4236 283 4286 Sed
302 4237 322 4283 si
345 4235 357 4300 b
378 4238 428 4286 925
449 4235 480 4283 Et
500 4232 512 4300 ΙΙ
534 4236 584 4282 939
604 4233 689 4282 arari.
710 4229 723 4300 Η
745 4235 795 4281 934
813 4232 942 4282 moilerier·
961 4229 974 4296 Η
998 4234 1047 4282 995
1067 4230 1177 4292 virguita
1197 4225 1210 4295 ΙΙ
1231 4231 1280 4282 937

163 4333 296 4382 crearunt.
318 4321 330 4390 b
352 4325 403 4373 944
422 4323 479 4372 dira
499 4318 511 4390 Η
533 4323 582 4371 947
602 4319 786 4371 Clarioitatiate
808 4318 821 4388 b
842 4321 892 4370 948
911 4319 982 4388 vagis
