3236 5020
702 373 732 438 11

156 545 263 610 dicere
285 545 369 610 enim
389 545 495 627 possis
518 544 690 610 caelestem
712 539 853 606 fulminis
875 541 980 624 ignem

75 679 128 727 385
157 657 305 742 suptilem
327 657 433 738 magis
457 678 474 722 e
497 657 605 743 parvis
628 661 775 722 constare
797 653 927 739 figuris,

153 778 248 854 atque
270 769 343 836 idco
366 771 502 837 transire
524 771 684 837 foramina
706 789 788 851 quae
811 768 920 851 nequit
941 768 1025 853 ignis

152 891 260 950 noster
281 885 333 950 hic
356 906 373 950 c
394 886 489 969 lignis
513 891 580 953 ortu
604 886 766 966 taedaque
788 889 932 948 creatus.

152 1006 322 1087 praeterea
343 1000 451 1065 lumen
472 1020 530 1085 per
553 1021 684 1065 coruum
706 999 838 1080 transit,
855 1004 890 1062 at
911 996 1012 1061 imber

152 1114 331 1199 respuitur.
349 1116 474 1196 quare?
489 1115 551 1181 nisi
569 1113 696 1178 luminis
718 1112 775 1176 illa
796 1112 921 1176 minora

75 1250 128 1298 300
154 1248 289 1311 serpere
312 1234 386 1293 sunt
408 1249 503 1310 quam
526 1228 567 1294 de
589 1201 706 1310 quibus
728 1235 776 1294 est
798 1227 902 1308 liquor
924 1226 1028 1292 almus
1050 1245 1226 1306 aquarum.

154 1347 185 1408 et
208 1343 354 1424 quamvis
377 1344 481 1409 subito
505 1362 562 1428 per
585 1343 690 1420 colum
712 1341 788 1406 vina
809 1341 955 1405 videmus

105 1485 109 1492 ·
152 1456 330 1541 perfluere:
348 1464 382 1521 at
404 1465 515 1523 contra
537 1456 664 1520 tardum
687 1459 852 1518 cunctatur
876 1448 1014 1536 olivom,

155 1574 212 1634 aut
235 1571 331 1654 quia,
348 1571 380 1634 ni
402 1570 535 1653 mirum,
554 1569 725 1633 maioribus
748 1573 796 1631 est
817 1567 982 1632 elementis

154 1688 211 1746 aut
233 1684 338 1764 magis
360 1685 474 1748 amatis
496 1685 577 1746 inter
600 1703 634 1748 sa
656 1701 777 1767 perque
799 1681 946 1765 plicatis,

77 1816 130 1864 395
156 1802 251 1877 atquc
272 1797 345 1861 ideo
368 1799 402 1861 lit
423 1798 468 1862 uti
490 1817 554 1862 non
577 1803 640 1861 tam
666 1796 793 1862 diducta
815 1801 945 1879 repente

153 1911 234 1974 inter
257 1929 292 1975 se
314 1911 439 1994 possint
458 1911 632 1994 primordia
655 1910 781 1992 singula
804 1929 950 1991 quaeque

152 2023 279 2104 singula
300 2041 358 2106 per
380 2024 532 2107 cuiusque
554 2023 715 2090 foramina
737 2043 949 2108 permanare.

193 2137 263 2201 Huc
285 2138 409 2202 accedit
430 2141 474 2203 uti
497 2140 602 2204 mellis
625 2139 780 2220 lactisque
803 2139 943 2220 liquores

152 2250 291 2316 iucundo
315 2269 411 2318 sensu
433 2253 562 2335 linguae
585 2260 761 2320 tractentur
786 2252 818 2315 in
842 2271 915 2316 ore:

75 2386 127 2434 400
152 2370 186 2430 at
208 2370 317 2430 contra
340 2372 445 2432 taetra
468 2367 608 2433 absinthi
631 2372 744 2432 natura
767 2365 892 2446 ferique

152 2479 294 2545 centauri
316 2478 412 2545 foedo
434 2487 643 2564 pertorquent
665 2500 723 2545 ora
745 2497 881 2562 sapore;

152 2600 186 2659 ut
207 2592 303 2658 facite
326 2613 483 2677 agnoscas
506 2613 524 2659 e
546 2594 671 2658 levibus
693 2599 788 2673 atque
811 2590 955 2656 rutundis

152 2728 224 2774 esse
246 2727 286 2772 ea
309 2727 392 2789 quae
416 2726 529 2772 seusus
551 2705 689 2772 iucunde
711 2713 844 2787 tangere
866 2710 1021 2790 possunt,

153 2828 186 2887 at
209 2828 321 2887 contra
344 2841 426 2904 quae
448 2841 560 2886 amara
582 2826 679 2904 atquc
700 2840 818 2906 aspera
838 2840 971 2901 cumque
992 2817 1160 2902 videntur,

77 2957 128 3006 405
155 2936 236 3002 haec
258 2937 363 3018 magis
385 2936 501 3002 amatis
522 2937 605 3004 inter
627 2957 661 3003 se
684 2957 769 3003 nexa
792 2936 912 3020 teneri,

153 3059 387 3135 proptereaque
410 3052 514 3118 solere
537 3052 607 3116 vias
630 3050 810 3118 rescindere
833 3049 950 3116 nostris

155 3165 301 3230 sensibus
322 3166 517 3249 introituque
540 3187 597 3232 suo
619 3184 825 3251 perrumpere
848 3183 983 3248 corpus.

199 3279 313 3344 Omnia
334 3286 496 3364 postremo
519 3282 605 3346 bona
628 3281 776 3346 sensibus
799 3284 831 3342 et
852 3279 940 3342 mala
959 3283 1046 3342 tactu

156 3393 302 3459 dissimili
323 3395 404 3460 inter
426 3415 461 3460 se
483 3401 627 3479 pugnant
648 3393 793 3479 perfecta
814 3392 937 3472 tigura3

79 3530 131 3576 410
156 3513 251 3573 netu
273 3506 355 3574 forte
377 3514 471 3594 putes
495 3529 603 3575 serrae
627 3507 790 3573 stridentis
813 3505 963 3570 acerbum

153 3622 316 3686 horrorem
339 3628 485 3688 constare
508 3621 674 3687 elementis
696 3621 820 3686 levibus
842 3639 945 3702 aeque

157 3756 197 3802 ac
219 3755 351 3800 musaea
374 3735 476 3813 mele,
493 3757 550 3819 per
572 3736 712 3813 chordas
734 3735 877 3818 organici
900 3755 984 3816 quae

155 3849 329 3915 mobilibus
351 3848 460 3930 digitis
483 3851 712 3934 expergefacta
734 3849 890 3932 figurant3

156 3984 220 4030 neu
243 3963 339 4030 simili
361 3967 533 4047 penetrare
553 3971 646 4047 putes
668 3965 842 4052 primordia
865 3963 969 4030 forma

162 4235 213 4284 ³84
232 4232 350 4282 fulminas
370 4228 383 4298 ll
404 4233 452 4281 387
474 4238 542 4280 ortus
562 4225 576 4296 ll
597 4231 647 4278 300
661 4230 753 4280 alimus
773 4227 785 4298 ll
807 4232 856 4280 396
876 4230 989 4295 singulte
1009 4225 1021 4298 ll
1042 4229 1092 4280 403
1111 4226 1233 4279 incandet
1245 4233 1282 4280 ta-

161 4336 218 4372 cere
238 4317 251 4388 Η
271 4317 477 4371 coenobiticos
497 4316 510 4387 ΙΙ
530 4319 582 4366 414
600 4316 728 4382 penetrale
