3236 5020
354 357 395 422 26
720 367 725 376 '
908 350 926 413 1

280 545 329 589 777
354 523 463 588 emnia
485 524 570 586 etin
594 542 698 586 rerum
721 527 855 586 naturas
878 519 995 584 vertier
1020 521 1145 602 omnis,

354 655 473 716 magno
496 654 595 718 opere
618 657 638 699 a
659 654 734 700 rere
757 635 852 717 lenge
875 633 1026 700 derrasse
1047 633 1214 698 videntur.

355 749 440 814 adde
464 750 561 814 etiam
584 749 637 831 qui
660 749 888 833 conduplicant
909 748 1085 832 primordia
1106 767 1232 832 rerum,

356 870 434 928 a'e'ra
456 863 626 944 iungentes
648 863 735 947 igni,
757 869 941 944 terramque
963 861 1100 944 liquori,

356 984 389 1043 et
411 978 464 1059 qui
487 985 636 1059 quattuor
658 997 697 1042 ex
720 977 816 1041 rebus
837 995 934 1060 posse
958 975 1066 1040 omnia
1087 982 1196 1041 rentur

281 1113 329 1159 715
358 1111 397 1155 ex
420 1092 486 1176 igni
507 1098 594 1156 terra
616 1100 713 1174 atque
736 1092 846 1156 anima
868 1109 1071 1174 procrescere
1094 1098 1126 1156 et
1147 1091 1262 1155 imbri.

355 1226 489 1286 querum
512 1207 750 1287 Aeragantinus
771 1225 843 1269 eum
866 1203 977 1289 primis
1000 1204 1215 1289 Empedocles
1237 1213 1304 1288 est,

356 1319 461 1384 insula
484 1340 579 1402 quem
600 1319 761 1402 triquetris
783 1325 940 1384 terrarum
962 1319 1064 1400 gessit
1084 1319 1117 1382 iu
1140 1320 1225 1403 oris,

355 1454 451 1513 quam
473 1432 603 1498 fluitans
625 1434 743 1498 eireum
766 1434 894 1514 magnis
918 1431 1117 1498 anfractibus
1139 1452 1262 1516 aequor

354 1548 479 1611 Ionium
501 1548 627 1629 glaucis
651 1549 796 1632 aspargit
817 1549 904 1614 virius
928 1551 969 1614 ab
992 1547 1107 1623 undis,

282 1682 331 1728 777
357 1668 558 1745 angusteque
581 1661 664 1726 fretu
687 1663 835 1747 rapidum
856 1683 945 1728 mare
967 1663 1080 1728 dividit
1099 1662 1227 1728 undans

356 1775 472 1840 ltaliae
492 1781 649 1841 terrarum
672 1797 747 1842 eras
770 1797 791 1840 a
813 1777 929 1842 finibus
954 1777 1043 1842 eius.

350 1888 406 1953 ,hie
429 1895 476 1954 est
499 1897 592 1955 vasta
615 1890 816 1976 Charybdis,
841 1897 872 1956 et
894 1891 945 1956 hie
967 1893 1116 1956 Aetnaea
1138 1890 1298 1954 minantur

355 2023 518 2069 murmura
539 2005 740 2070 flammarum
762 2025 887 2070 rursum
909 2025 944 2070 se
967 2004 1118 2088 colligere
1140 2004 1228 2080 iras,

355 2116 502 2184 farreibus
525 2127 655 2204 eruptos
677 2120 792 2186 iterum
814 2120 863 2184 vis
886 2125 920 2182 ut
940 2125 1050 2184 vemat
1071 2119 1155 2202 ignis

282 2251 330 2296 725
356 2230 400 2295 ad
424 2234 612 2316 caelumque
634 2233 720 2300 ferat
739 2235 882 2298 flammai
904 2233 1034 2315 fulgura
1054 2254 1199 2301 rursurn.

357 2365 440 2425 quae
464 2365 534 2410 euru
557 2368 676 2432 magna
698 2349 802 2414 modis
825 2348 932 2413 multis
954 2346 1104 2414 miranda
1125 2347 1250 2414 videtur

356 2460 505 2541 gentibus
527 2461 676 2528 humanis
698 2462 786 2543 regin
811 2462 1010 2544 visendaque
1032 2463 1154 2541 fertur,

356 2574 451 2639 rebus
475 2576 584 2659 opima
606 2577 719 2659 bonis,
742 2577 843 2641 multa
865 2577 988 2641 nrunita
1009 2581 1111 2640 virum
1132 2569 1185 2662 ri,

358 2689 404 2752 nil
426 2697 532 2755 tannen
555 2692 616 2757 hoe
638 2690 789 2758 habuisse
811 2692 879 2756 vira
901 2691 1100 2774 praeclarius
1121 2692 1155 2756 77
1177 2711 1211 2758 77
1245 2683 1255 2692 “

285 2826 333 2871 ran
359 2825 417 2870 777
439 2812 583 2870 sanetum
605 2807 711 2887 magis
734 2813 765 2872 et
786 2806 901 2870 mirum
924 2827 1096 2888 earumque
1117 2805 1262 2872 videtur.

357 2920 501 2984 earmina
524 2920 601 3001 quin
625 2921 721 2986 etiam
745 2921 843 2985 divini
865 2899 1004 3005 pesteris
1029 2922 1099 2987 eius

358 3033 573 3099 vociferantur
596 3041 627 3100 et
649 3042 813 3120 exponunt
834 3039 1003 3119 praeclara
1029 3041 1176 3119 reperta,

357 3148 467 3212 utrix
490 3149 632 3214 humana
654 3151 800 3215 videatur
823 3151 921 3234 stirpe
944 3155 1089 3216 ereatus.

397 3263 457 3328 Hie
479 3267 587 3328 777777
610 3271 641 3331 77
664 3286 762 3350 supra
785 3285 866 3347 ques
888 3265 1026 3328 diximus
1047 3262 1215 3327 inferiores

286 3399 334 3444 rae
359 3379 503 3461 partibus
528 3380 658 3460 egregie
681 3381 788 3446 multis
811 3380 975 3460 multoque
997 3378 1157 3450 minores,

360 3513 533 3574 quamqum
555 3496 656 3560 multa
678 3497 761 3560 bene
785 3515 824 3558 ae
848 3493 1001 3556 divinitus
1023 3489 1222 3555 invenientes
1263 3497 1265 3502 '
1322 3519 1328 3528 ·

358 3627 399 3672 ex
422 3606 521 3691 adyto
543 3614 611 3673 tarn
634 3629 731 3690 quarn
754 3607 860 3672 cordis
882 3625 1040 3689 responsa
1062 3604 1180 3668 dedere
1243 3651 1246 3655 .

358 3722 499 3787 sanetius
522 3729 554 3786 et
575 3722 675 3786 multe
699 3726 787 3785 77777
809 3720 934 3784 ratione
956 3719 1060 3802 magis
1082 3738 1180 3800 quam

358 3835 475 3920 Pythia
497 3855 582 3917 quae
604 3833 722 3918 tripodi
746 3854 767 3897 a
788 3832 910 3898 Phoebi
933 3833 1089 3914 lauruque
1116 3834 1281 3918 profatur,

284 3972 334 4018 747
359 3950 525 4035 principiis
547 3947 708 4013 tamenin
730 3965 835 4011 rerum
859 3945 964 4014 feeere
986 3949 1097 4014 ruinas

363 4217 413 4264 710
431 4216 494 4266 verti
517 4213 528 4282 i:
552 4217 598 4263 711
620 4215 690 4278 longi
711 4213 725 4283 ΙΙ
747 4217 795 4264 716
808 4215 1000 4280 Agragantinus
1020 4215 1034 4285 Η
1056 4220 1106 4267 727)
1126 4217 1216 4266 undis.
1238 4213 1252 4283 ΙΙ
1273 4208 1482 4279 721Η777177Η

362 4303 412 4352 724
432 4310 460 4350 77
479 4302 576 4398 omnint
595 4299 609 4371 ΙΙ
630 4305 680 4352 725
699 4303 815 4352 flammae
835 4300 849 4370 Η
872 4306 919 4354 739
939 4315 1072 4369 prosatur.
