3236 5020
685 389 718 452 II

119 583 182 628 uec
206 563 376 628 referteo
399 581 482 644 quae
504 568 618 644 tangas
641 581 703 642 quo
727 559 808 624 forte
831 560 940 624 colore

118 677 282 762 praedita
305 678 388 753 sint,
404 696 514 741 venun
537 674 624 757 quali
647 674 749 754 magis
771 679 848 757 apta
871 674 992 758 figora,

44 814 92 859 orn
120 793 211 858 seire
237 793 316 856 licet
338 791 381 854 nil
403 789 568 875 principiis
587 807 668 872 opus
689 807 760 854 esse
782 789 926 864 colores,

120 907 185 973 sed
210 907 316 973 variis
339 904 450 969 formis
472 905 634 968 variantes
657 902 753 967 edere
776 909 898 966 tactus.

163 1022 350 1085 Praeterea
371 1019 521 1100 quoniam
544 1038 607 1082 non
631 1018 724 1083 certis
748 1023 834 1082 certa
855 1017 964 1100 figuris

122 1141 176 1200 est
200 1143 323 1200 natura
345 1132 462 1198 coloris
485 1138 516 1197 et
538 1131 646 1196 omnia
668 1132 894 1214 principiorum

122 1250 351 1316 formamenta
374 1252 492 1330 queunt
514 1247 546 1309 in
569 1247 683 1328 quovis
706 1265 776 1311 esse
799 1246 923 1323 nitore,

49 1387 98 1431 sno
126 1385 189 1430 cur
214 1382 362 1445 eaquae
385 1367 533 1426 constant
555 1379 594 1425 ex
617 1361 680 1424 illis
704 1380 767 1424 non
789 1361 909 1445 pariter
931 1368 1005 1427 suut

128 1500 232 1544 omne
253 1498 356 1564 genus
379 1477 511 1560 perfusa
533 1475 692 1540 coloribus
714 1476 749 1539 in
770 1495 888 1557 genere
912 1475 1025 1539 omni?

131 1594 348 1660 conveniebat
370 1593 454 1658 enim
477 1611 590 1656 corvos
615 1609 742 1674 quoque
766 1609 864 1674 saepe
886 1591 1024 1654 volantis

137 1725 183 1770 ex
207 1709 286 1772 albis
306 1708 414 1772 album
437 1706 544 1790 pinnis
566 1706 686 1772 iactare
709 1708 869 1781 colorem,

141 1827 177 1886 et
200 1825 303 1908 nigros
324 1823 395 1888 fieri
416 1820 508 1904 nigro
530 1821 572 1886 de
594 1822 714 1887 semiue
737 1841 856 1905 cycnos

57 1954 110 2001 sno
137 1942 199 2000 aut
218 1938 281 2002 alio
305 1936 418 2018 quovis
440 1956 504 2001 uno
527 1936 683 2018 varioque
707 1937 834 2002 colore.

183 2051 387 2130 Quinetiam
410 2057 530 2133 quanto
552 2051 586 2114 in
607 2057 716 2134 partes
738 2070 791 2116 res
815 2069 961 2132 quaeque
984 2050 1122 2114 minutas

135 2167 323 2233 distrahitur
344 2166 465 2249 magis,
482 2165 544 2230 hoc
564 2168 669 2246 magis
692 2171 740 2230 est
761 2172 795 2229 nt
817 2184 946 2229 cernere
969 2166 1074 2247 possis

135 2300 333 2347 evanescere
355 2280 510 2363 paulatim
533 2280 715 2364 stinguique
738 2279 897 2357 colorem;

135 2399 172 2458 ut
194 2396 230 2466 fit
251 2396 306 2460 ubi
328 2398 361 2459 in
382 2415 500 2478 parvas
522 2395 622 2479 partis
645 2395 834 2478 discerpitur
857 2415 954 2458 aurea

62 2525 111 2575 ooo
137 2529 301 2594 purpura,
319 2509 553 2594 poeniceusque
576 2511 664 2574 color
687 2509 874 2574 clarissimu'
896 2509 1015 2584 multo,

134 2623 249 2688 filatim
274 2643 344 2688 curn
367 2622 520 2688 distracta
544 2630 612 2700 est,
629 2623 823 2706 dispergitur
846 2623 969 2704 omnis;

137 2758 274 2804 noscere
296 2743 331 2801 ut
353 2737 426 2802 hino
446 2741 551 2821 possis
574 2739 662 2822 prius
686 2757 812 2802 omnem
835 2735 946 2801 efflare
969 2737 1106 2801 colorem

137 2852 339 2935 particulas,
356 2873 449 2932 quam
473 2854 641 2919 discedant
663 2855 705 2917 ad
728 2853 849 2916 semina
872 2871 998 2916 rerum.

185 2965 352 3031 Postremo
377 2967 526 3048 quoniam
550 2987 613 3030 uon
637 2968 745 3030 omnia
769 2987 902 3049 corpora
924 2984 1036 3029 vocem

65 3094 115 3143 aas
139 3079 267 3144 mittere
290 3081 439 3146 concedis
462 3099 566 3161 neque
589 3080 741 3152 odorem,
757 3087 928 3164 propterea
949 3081 984 3143 fit

141 3198 266 3258 utnon
288 3195 435 3259 omnibus
459 3195 625 3259 adtribuas
647 3196 771 3259 sonitus
794 3201 826 3258 et
848 3195 982 3258 odores:

141 3307 192 3372 sic
215 3308 315 3372 oculis
339 3310 493 3390 quoniam
517 3329 580 3374 non
605 3310 712 3374 onmia
735 3327 864 3372 cernere
888 3308 1034 3388 quimus,

143 3407 322 3487 scire'licet
344 3423 502 3504 quaedam
526 3432 592 3488 tam
615 3428 762 3487 constare
785 3423 862 3486 orba
885 3421 991 3484 colore

143 3558 243 3619 quam
266 3539 335 3602 siue
359 3537 458 3605 odore
481 3541 547 3604 ullo
572 3537 732 3620 quaedam
755 3535 923 3616 sonituque
946 3540 1089 3616 remota,

69 3667 118 3716 sco
146 3671 207 3716 nec
228 3653 333 3716 miuus
356 3651 437 3716 haec
460 3655 599 3716 animum
624 3669 819 3733 cognoscere
840 3667 937 3733 posse
958 3668 1107 3730 sagacem

148 3787 246 3848 quam
267 3785 351 3847 quae
373 3771 448 3828 sunt
469 3765 543 3831 aliis
566 3767 662 3831 rebus
685 3764 811 3849 privata
834 3771 967 3829 notare.

187 3879 251 3946 Sed
275 3899 315 3945 ne
337 3879 421 3944 sorte
443 3885 537 3962 putes
560 3880 629 3944 solo
653 3880 793 3965 spoliata
815 3880 922 3945 colore

148 4063 349 4070 ——-——-——-

152 4184 204 4231 814
217 4191 275 4232 suut¹
289 4177 304 4249 Η
318 4181 417 4246 magnis
432 4179 443 4247 i
459 4181 509 4229 815
529 4178 630 4228 colore.
651 4175 664 4245 Η
685 4181 733 4227 821
747 4179 904 4243 Omnigenus
919 4176 931 4248 Η
947 4182 996 4228 827
1011 4178 1059 4226 hoo
1072 4173 1153 4236 magis
1165 4174 1246 4237 magis
1261 4171 1275 4242 Η

152 4269 203 4317 829
224 4285 330 4317 aurum.
350 4267 363 4336 Η
387 4271 435 4318 831
457 4268 606 4316 distractum
624 4273 662 4312 cst
679 4264 832 4328 disperditur
851 4264 864 4334 Η
886 4267 936 4314 840
955 4265 994 4314 Ne
1014 4261 1027 4332 Η
1047 4265 1095 4311 841
1116 4269 1243 4324 notaque.
1265 4260 1278 4335 Η

154 4357 204 4406 842
225 4357 330 4423 spoliita

1029 4445 1076 4520 5*
