3240 5010
680 403 706 465 V

118 569 260 654 proinde
287 577 400 654 putare
422 573 561 653 aliquem
584 577 650 635 tum
675 572 804 634 nomina
828 571 1028 635 distribuisse

118 685 241 771 rebus,
260 692 296 750 et
316 687 389 751 inde
412 687 558 752 homines
582 684 731 752 didicisse
755 686 915 751 vocabula
936 686 1060 768 prima,

118 799 326 884 desiperest.
344 822 416 865 nam
439 822 494 866 cur
515 800 566 865 hic
589 808 697 882 posset
719 808 833 867 cuncta
856 807 968 864 notare

119 913 258 978 vocibus
283 922 313 980 et
334 917 442 983 varios
465 920 588 983 sonitus
611 918 751 982 emittere
774 916 926 999 linguae,

48 1047 102 1094 0000
120 1034 273 1111 tempore
297 1030 408 1095 eodem
431 1032 486 1096 alii
509 1031 616 1097 facere
638 1031 671 1094 id
694 1052 757 1095 non
780 1030 888 1111 quisse
911 1026 1089 1112 putentur?

118 1149 295 1225 practerea
318 1144 431 1210 sinon
456 1147 512 1211 alii
535 1167 661 1228 quoque
683 1145 813 1209 vocibus
836 1143 884 1207 usi

120 1257 207 1320 inter
232 1276 271 1322 se
295 1256 438 1343 fuerant,
455 1259 540 1324 unde
564 1259 660 1325 insita
683 1259 810 1324 notities
834 1262 882 1321 est

120 1370 274 1435 utilitatis
298 1377 328 1436 et
350 1371 436 1438 unde
458 1375 534 1438 data
557 1379 605 1440 est
628 1374 699 1438 huic
721 1373 824 1456 prima
846 1354 1010 1453 potestas‚'

122 1484 204 1566 quid
228 1485 348 1562 vellet,
365 1485 476 1553 lacere
498 1495 532 1552 ut
554 1488 671 1552 scirent
693 1477 1059 1567 animoque'viderent?

49 1617 107 1664 0000
122 1619 244 1682 cogere
267 1600 342 1664 item
365 1602 465 1684 pluris
487 1622 568 1668 unus
590 1603 756 1683 victosque
780 1598 912 1664 domare

123 1733 188 1776 non
213 1720 364 1799 poterat,
382 1736 484 1780 rerum
510 1722 544 1780 ut
564 1717 747 1801 perdiscere
770 1713 901 1778 nomina
923 1711 1060 1776 vellent.

124 1846 185 1892 nec
209 1828 339 1894 ratione
362 1829 477 1895 docere
499 1831 567 1894 ulla
589 1829 790 1910 suadereque
813 1826 937 1902 surdis,

125 1941 203 2021 quid
229 1943 273 2006 sit
295 1963 375 2027 opus
398 1942 501 2027 facto,
519 1944 667 2010 facilest:
683 1963 786 2025 neque
810 1943 895 2008 enim
917 1946 1121 2026 paterentur.

124 2072 184 2119 nec
209 2056 335 2121 ratione
357 2058 423 2121 ulla
445 2058 505 2123 sibi
528 2057 647 2123 ferrent
669 2058 807 2142 amplius
830 2056 916 2120 auris

57 2182 111 2231 0000
127 2169 219 2234 vocis
243 2169 405 2237 inauditos
428 2173 549 2238 sonitus
573 2147 748 2238 obtundere
771 2171 907 2244 frustra.

124 2291 291 2366 postremo
315 2285 391 2366 quid
414 2287 448 2350 in
470 2287 529 2350 hac
552 2287 697 2352 mirabile
719 2291 918 2368 tantoperest
942 2304 997 2360 re,

127 2397 154 2460 si
177 2417 284 2480 genus
307 2398 499 2475 humanum,
518 2400 568 2464 cui
589 2419 654 2465 vox
677 2407 708 2463 00
728 2401 840 2480 lingua
862 2399 1003 2481 vigeret,

125 2497 189 2593 pro
209 2513 302 2578 vario
326 2533 423 2579 sensu
445 2513 535 2578 varia
557 2533 607 2578 res
630 2533 707 2578 voce
731 2513 884 2578 notaret?

124 2642 196 2690 cum
225 2626 366 2710 pecudes
387 2635 516 2710 mutae,
535 2648 606 2693 cum
630 2626 767 2708 denique
790 2627 897 2690 saecla
919 2625 1058 2690 ferarum

54 2751 110 2801 0000
126 2738 297 2806 dissimilis
320 2742 445 2808 soleant
466 2761 562 2807 voces
584 2741 754 2822 variasque
778 2742 881 2822 ciere,

126 2872 196 2919 cunr
224 2862 328 2922 metus
351 2862 406 2920 aut
429 2855 521 2920 dolor·
543 2862 591 2920 est
613 2862 644 2921 00
666 2876 736 2920 cum
759 2855 824 2918 iarn
847 2853 966 2935 gaudia
989 2852 1146 2933 gliscunt.

127 2968 249 3055 quippe
272 2970 389 3034 etenim
412 2970 486 3034 licet
506 2971 540 3034 id
562 2971 657 3035 rebus
681 2989 876 3050 cognoscere
899 2970 1039 3053 apertis.

125 3081 260 3148 inritata
283 3103 398 3148 canum
422 3104 491 3149 oum
514 3085 648 3167 primum
671 3085 802 3148 inmane
826 3083 1001 3148 Molossum

125 3197 241 3261 mollia
264 3198 344 3262 ricta
367 3196 505 3263 fremunt
527 3198 625 3265 duros
648 3201 805 3264 nudantia
828 3198 963 3275 dentes,
997 3173 1002 3182 Ι

56 3319 112 3372 tous
127 3308 229 3393 longe
251 3313 314 3376 alio
338 3313 445 3377 sonitu
468 3313 558 3377 rabie
581 3313 725 3378 restricta
748 3313 928 3393 minantur,

129 3431 160 3488 et
184 3443 255 3489 cum
279 3426 343 3489 iam
365 3426 487 3489 latrant
508 3432 539 3489 et
560 3425 691 3490 vocibus
715 3425 823 3488 omnia
847 3423 1027 3507 complent:

101 3560 106 3567 ·
128 3545 160 3602 et
184 3540 308 3606 catulos
330 3539 450 3605 blande
474 3558 544 3604 curn
566 3537 678 3622 lingua
700 3538 841 3601 lambere
863 3543 1039 3620 temptaui,

130 3658 185 3716 aut
205 3653 260 3716 ubi
283 3673 339 3718 eos
363 3654 483 3718 iactant
504 3652 641 3739 pedibus
664 3671 834 3733 morsuque
857 3656 1002 3736 petentes

131 3767 293 3850 suspensis
315 3771 444 3832 teneros
467 3768 652 3832 minitantur
673 3766 821 3831 dentibus
845 3766 977 3830 haustus
991 3812 1007 3848 ,.

57 3891 116 3942 0000
132 3881 228 3963 longe
251 3881 314 3946 alio
338 3885 433 3965 pacto
456 3882 589 3962 gannitu
610 3882 698 3948 vocis
721 3880 875 3958 adulant,

137 4089 202 4137 1048
222 4087 324 4138 Utilitas
344 4084 357 4156 Η
380 4090 446 4136 1040
466 4087 542 4137 sciret
562 4085 574 4155 Η
595 4089 706 4137 videret.
728 4085 741 4154 Η
769 4090 834 4137 1052
854 4089 957 4136 surdos.
979 4083 991 4155 Η
1019 4089 1085 4136 1053
1105 4087 1180 4136 facile
1198 4087 1218 4134 si
1241 4082 1254 4151 Η

137 4175 203 4224 1005
222 4174 477 4224 sonitusubtundere
503 4171 517 4239 Η
548 4175 614 4222 1058
637 4175 720 4223 varies
739 4189 777 4223 res
807 4173 820 4242 Η
852 4177 917 4224 1062
943 4175 968 4222 in
997 4171 1011 4241 Η
1043 4175 1108 4222 1063
1127 4188 1221 4235 magne
1240 4169 1254 4240 Η

138 4262 203 4310 1064
222 4270 338 4324 premunt
359 4253 460 4329 Η’1060
481 4257 565 4326 010οΗ
585 4260 673 4308 stricta
692 4261 817 4310 minatur.
839 4259 852 4328 Η
875 4263 938 4309 1067
953 4263 989 4312 At
1010 4258 1023 4326 Η
1046 4260 1220 4308 10681000000
1241 4256 1254 4327 Η

137 4355 266 4409 potentes.
287 4345 301 4414 Η
323 4349 388 4396 1060
409 4347 541 4396 imitentur
1190 4347 1194 4356 ’
