3236 5020
695 399 728 465 11

145 570 278 637 floribus
298 571 482 637 umbrantes
504 577 637 635 matrem
660 570 873 650 comitumque
895 574 1059 635 catervas.

145 686 199 751 hie
221 693 345 751 armata
367 705 501 768 manus,
518 685 651 749 Curetas
672 682 799 747 nomine
823 683 900 746 Grai

66 820 121 867 630
150 819 230 882 quos
253 804 430 863 memorant
448 798 628 883 Phrygios,
645 797 726 860 inter
748 815 783 862 se
806 795 887 860 forte
911 795 997 878 quod
1019 798 1117 862 armis

146 917 258 980 ludunt
279 916 312 990 i,n
335 931 561 993 numerumque
583 911 725 976 exultant
746 910 1001 993 sanguinolenti,

145 1029 298 1094 terrificas
321 1029 460 1114 capitum
482 1025 658 1108 quatientes
683 1024 812 1087 nomine
835 1024 969 1109 oristas,

146 1143 299 1208 Dictaeos
321 1140 462 1206 referunt
484 1141 636 1222 Curetas,
656 1138 709 1220 qui
732 1137 815 1202 lovis
838 1136 928 1202 illum

145 1256 286 1340 vagitum
306 1256 340 1319 in
362 1255 455 1319 Creta
478 1254 640 1337 quondam
655 1253 841 1318 'occultasse
863 1251 1026 1336 feruntur,

67 1389 120 1436 635
146 1390 218 1435 oum
238 1370 329 1454 pueri
352 1370 468 1434 circum
490 1352 623 1453 puerum
643 1367 773 1451 pernice
796 1365 915 1430 chorea

67 1503 119 1549 667
147 1483 281 1550 armatei
303 1485 335 1546 in
358 1501 523 1546 numerum
545 1482 710 1564 pulsarent
732 1479 859 1543 aeribus
883 1497 980 1555 aera,

144 1614 187 1661 ne
210 1595 367 1660 Saturnus
390 1615 463 1660 eum
485 1595 577 1658 malis
599 1592 767 1656 mandaret
788 1592 923 1675 adeptus

147 1716 374 1790 aeternumque
397 1709 491 1773 daret
512 1707 606 1772 matri
629 1706 688 1770 sub
710 1714 838 1790 pectore
860 1707 993 1771 volnus.

69 1843 123 1889 640
148 1829 317 1907 propterea
340 1843 489 1906 maguam
513 1821 624 1885 armati
648 1828 780 1884 matrem
804 1820 1010 1904 comitantur,

146 1943 201 1999 aut
224 1937 298 2018 quia
320 1936 501 2017 significant
523 1923 630 1999 divam
651 1934 840 2018 praedicere
862 1927 896 1998 ut
918 1936 1014 2000 armis

145 2070 185 2115 ao
207 2051 320 2116 virtute
341 2048 441 2114 velint
462 2050 597 2132 patriam
619 2048 793 2113 defendere
815 2058 950 2126 terram,

144 2164 368 2246 praesidioque
392 2168 506 2245 parcnt
528 2161 699 2244 decorique
722 2163 910 2244 parentibus
931 2181 1023 2227 esse.

145 2297 228 2359 quae
250 2278 330 2342 bene
355 2283 386 2340 et
408 2277 523 2342 eximie
547 2279 693 2358 quamvis
715 2276 860 2360 disposta
882 2276 1044 2359 ferantur,

71 2411 122 2459 646
147 2392 242 2474 longe
265 2398 337 2454 sunt
359 2395 467 2454 tamen
491 2413 511 2456 1
533 2411 609 2455 1111
631 2391 756 2456 ratione
778 2391 929 2473 repulsa.

147 2505 250 2568 omnis
273 2505 355 2569 enirn
379 2524 437 2587 per
460 2525 495 2569 se
518 2504 626 2570 divom
648 2511 763 2569 natura
787 2511 949 2570 necessest

145 2616 307 2682 inmortali
328 2639 407 2684 aevo
431 2639 553 2684 summa
576 2639 647 2683 oum
670 2637 748 2702 paee
772 2617 892 2681 fruatur

146 2737 269 2796 semota
291 2733 333 2798 ab
356 2733 473 2798 nostris
494 2735 818 2814 rebusseiunctaque
843 2731 962 2811 longe:

148 2864 222 2909 nam
244 2847 369 2929 privata
391 2847 501 2912 dolore
523 2849 630 2925 omni,
646 2848 771 2932 privata
792 2845 939 2930 periclis,

72 2978 122 3026 650
147 2960 218 3042 ipsa
241 2960 306 3026 suis
329 2961 455 3045 pollens
479 2962 613 3045 opibus,
630 2963 674 3026 nil
697 2962 808 3044 indiga
829 2961 949 3035 nostri,

146 3093 206 3138 nee
228 3075 309 3140 bene
333 3075 512 3157 promeritis
535 3077 656 3160 eapitur
678 3095 782 3157 neque
803 3073 942 3158 tangitur
963 3073 1031 3136 ira.

146 3194 230 3252 terra
252 3190 381 3270 quidem
402 3211 479 3256 vcro
502 3197 591 3255 caret
613 3191 698 3255 omni
721 3197 863 3272 tempore
886 3205 1001 3263 sensu,

147 3308 178 3366 et
200 3303 276 3384 quia
298 3305 468 3368 multarum
490 3305 608 3387 potitur
629 3304 804 3388 primordia
825 3321 950 3384 rerum,

146 3417 244 3480 multa
268 3418 370 3483 modis
392 3419 499 3484 multis
523 3421 616 3485 effert
636 3420 669 3482 in
691 3417 811 3480 lumina
834 3415 932 3479 solis.

74 3547 122 3596 111
148 3530 198 3594 hio
221 3531 320 3612 siquis
342 3552 430 3598 mare
451 3513 635 3617 Neptunum
660 3533 872 3610 Cereremque
894 3546 1008 3591 vocare

146 3645 308 3720 constituit
328 3644 437 3728 fruges
461 3653 492 3710 et
514 3646 634 3712 Bacchi
656 3647 783 3710 nomine
806 3642 893 3707 abuti

95 3845 98 3850 Ι
135 3760 265 3824 'mavolt
286 3778 381 3839 quam
404 3758 507 3824 laticis
529 3762 693 3844 proprium
714 3757 859 3844 proferre
882 3777 1058 3834 vocamen,
1101 3833 1105 3840 ,

146 3875 358 3938 1111111111
381 3876 415 3935 11
436 3870 488 3936 hio
509 3878 663 3937 terrarum
688 3873 810 3938 dictitet
832 3873 940 3938 orbem

147 4005 219 4052 esse
242 3985 337 4052 deum
360 3991 513 4068 matrem,
530 3984 606 4049 dum
628 4008 704 4053 vera
724 4007 758 4052 re
779 3993 886 4053 tamen
906 3986 976 4069 ipse

152 4254 201 4303 628
221 4263 337 4303 caterve.
357 4249 370 4322 11
392 4254 443 4302 680
462 4252 527 4302 forte
545 4259 673 4302 catervas.
694 4250 708 4318 11
728 4255 775 4302 631
796 4253 919 4317 sanguine
937 4250 1006 4302 fieti.
1027 4247 1040 4317 11
1061 4249 1110 4297 662
1129 4247 1233 4298 numine
1252 4247 1266 4318 11

152 4341 201 4411 136
220 4343 311 4391 Armet
329 4349 353 4391 et
371 4343 398 4390 in
416 4356 548 4391 nnmerum
566 4339 668 4404 pernice
680 4339 788 4389 chorea.
810 4337 822 4407 11
843 4343 892 4389 637
911 4341 1003 4388 Armet
1022 4335 1035 4405 11
1056 4336 1106 4385 656
1125 4335 1269 4388 Consn'tuet
