3236 5020
611 467 615 478 Ι
685 375 735 440 llI

143 556 319 634 conspectu
343 567 383 614 cx
405 547 589 631 hominum,
606 547 728 612 foedati
751 547 882 613 crimine
904 549 1007 631 turpi,

76 687 117 734 50
145 665 294 730 omnibus
319 662 460 729 erumnis
482 661 598 726 adfecti
622 661 758 743 denique
784 662 914 738 vivunt,

145 785 178 844 et
201 799 263 860 quo
287 796 423 859 cumque
446 781 554 840 tamen
575 774 685 838 miseri
706 794 823 840 venere
847 763 1016 858 parentant

146 901 179 960 et
201 896 310 978 nigras
331 897 474 956 mactant
495 891 637 973 pecudes
660 894 691 954 et
715 889 853 955 manibu'
877 890 958 954 divis

145 1009 276 1073 inferias
299 1007 445 1085 mittunt,
464 1006 625 1086 multoque
647 1003 680 1069 in
703 1004 797 1069 rebus
820 1005 945 1070 acerbis

146 1123 253 1188 acrius
276 1121 442 1186 advertunt
464 1119 588 1184 animos
611 1118 655 1182 ad
678 1119 885 1202 religionem.

83 1259 119 1305 55
147 1258 212 1319 qno
237 1235 339 1319 magis
362 1235 394 1300 in
418 1235 523 1300 dubiis
547 1234 708 1300 hominem
731 1241 877 1318 spectare
900 1233 1029 1317 periclis

148 1350 299 1416 convenit
321 1348 528 1430 adversisque
550 1349 584 1413 in
606 1350 701 1414 rebus
724 1367 857 1412 noscere
881 1349 933 1429 qui
956 1349 1015 1413 sit:

149 1485 224 1529 nam
246 1483 345 1529 verae
367 1483 463 1528 voces
486 1470 553 1526 turn
574 1462 701 1528 demum
724 1467 854 1546 pectore
876 1463 916 1527 ab
938 1463 1001 1527 imo

152 1580 322 1657 eiciuntur,
340 1584 373 1642 et
392 1577 524 1661 eripitur
545 1597 704 1661 persona,
720 1584 830 1640 manet
850 1597 923 1642 res.

157 1692 290 1772 deniqne
311 1693 461 1758 avarities
484 1698 516 1758 et
539 1691 696 1757 honorum
719 1712 818 1758 caeca
840 1691 977 1777 cupido,

93 1829 129 1874 oo
156 1827 238 1888 quae
260 1807 391 1872 miseros
413 1807 558 1872 homines
583 1814 702 1890 cogunt
723 1806 949 1873 transcendere
971 1807 1050 1873 fines

151 1922 226 1987 iuris
249 1927 280 1987 et
302 1922 383 1986 inter
407 1921 479 1986 dum
504 1923 609 1988 socios
631 1923 788 1988 scelerum
811 1928 908 2004 atquc
932 1922 1092 1987 ministros

149 2042 259 2102 noctes
281 2043 378 2117 atque
400 2037 469 2102 dies
492 2038 550 2101 niti
573 2043 755 2121 praestante
778 2038 888 2102 labore

148 2152 190 2214 ad
212 2171 354 2216 summas
376 2171 541 2234 emergere
565 2172 663 2236 opes,
679 2151 760 2216 haec
782 2153 915 2217 vulnera
937 2151 1022 2217 vitae

149 2287 213 2332 000
238 2266 400 2330 minimam
422 2272 544 2349 partem
566 2266 677 2330 mortis
700 2264 871 2330 formidine
894 2266 1041 2330 aluntur.

91 2401 125 2448 05
150 2381 253 2464 turpis
275 2381 359 2444 enim
382 2381 481 2446 terme
504 2386 701 2462 contemptus
724 2386 756 2445 et
778 2381 861 2445 acris
885 2389 1013 2463 egestas

152 2500 277 2560 semota
299 2493 341 2557 ab
365 2493 451 2559 dulci
472 2494 536 2558 vita
560 2494 730 2574 stabilique
753 2495 900 2560 videntur

152 2614 185 2674 et
207 2608 298 2690 qnasi
322 2607 384 2671 iam
407 2609 460 2673 leti
484 2614 595 2692 portas
617 2609 792 2672 cunctarier
814 2616 909 2687 ante;

151 2722 236 2786 unde
259 2721 403 2787 homines
426 2720 501 2785 dum
524 2741 559 2787 se
582 2723 664 2787 falso
687 2728 808 2787 terrore
831 2724 934 2788 coacti

154 2836 303 2920 effugisse
326 2836 436 2899 volunt
458 2836 576 2918 longe,
596 2837 757 2918 longeque
780 2858 942 2914 remosse‚

97 2971 130 3017 rc
155 2951 310 3032 sanguiue
333 2950 417 3014 civili
439 2970 505 3014 rem
529 2950 670 3015 conflant
692 2951 883 3036 divitiasque

154 3063 379 3148 conduplicant
401 3063 507 3147 aridi,
525 3065 656 3130 caedem
681 3070 779 3134 caede
803 3068 1060 3146 accumulantes,

153 3177 299 3243 crudeles
321 3177 463 3261 gaudent
485 3178 518 3242 in
540 3180 620 3244 tristi
643 3180 755 3246 funere
777 3183 905 3266 fratria,

156 3299 188 3356 05
210 3293 482 3376 consanguineum
506 3313 635 3360 mensas
660 3295 755 3360 odere
778 3297 971 3377 timentque.

155 3406 312 3472 consimili
334 3406 460 3472 ratione
482 3409 523 3473 ab
547 3410 658 3474 eodem
683 3428 783 3493 saepe
808 3411 921 3474 timore

99 3541 131 3586 75
157 3527 296 3586 macerat
317 3521 458 3586 invidia.
476 3523 551 3588 antc'
574 3523 685 3589 oculos
707 3523 797 3588 illum
820 3543 893 3588 esse
916 3527 1095 3607 potentem,

156 3635 244 3699 illnm
268 3635 448 3718 aspectam,
466 3639 551 3704 claro
576 3639 629 3720 qui
652 3638 770 3704 incedit
791 3637 933 3716 honore,

154 3750 215 3834 ipsi
239 3771 275 3816 se
298 3751 331 3815 in
352 3752 493 3817 tenebris
514 3754 599 3818 volvi
622 3774 786 3837 caenoque
811 3759 1000 3836 queruntur.

156 3864 316 3931 intereunt
336 3866 450 3949 partim
474 3872 648 3934 statuarum
673 3877 705 3935 ct
726 3870 863 3936 nominis
886 3891 984 3952 ergo.

156 3984 187 4043 05
209 3999 307 4064 saepe
330 4000 432 4062 usque
455 3979 557 4065 adeo,
575 3985 683 4048 mortis
706 3983 895 4070 formidine,
911 3985 998 4050 vitae

158 4144 306 4154 n—ae——4-
325 4149 360 4154 ...-

160 4245 193 4294 53
207 4245 304 4298 lnieria
325 4245 338 4316 Η
359 4254 391 4300 58
405 4251 548 4302 Eliciuntur
567 4246 580 4316 Η
601 4257 626 4298 05
639 4250 777 4302 omissam.
792 4250 803 4318 l
819 4265 938 4302 manare.
960 4247 973 4318 Η
995 4248 1145 4299 ditabere.
1167 4241 1181 4314 ll
1201 4249 1233 4296 66
1246 4247 1282 4295 vi-

159 4333 250 4384 detur.
271 4331 284 4404 ΙΙ
305 4339 336 4385 72
357 4338 462 4388 fratres.
485 4337 498 4407 11
520 4339 552 4387 78
571 4327 664 4387 statum

1058 4439 1078 4503 6
