3266 4994
352 369 413 432 110
887 361 937 424 llI

275 555 324 603 999
349 554 414 598 999
437 531 547 597 merito
569 530 722 596 inclamet
743 530 847 612 magis
870 537 902 596 et
923 551 1004 596 voco
1027 531 1171 616 increpet
1193 532 1287 598 acri?

345 642 453 712 ‘aufer
474 645 592 710 abhinc
614 645 783 724 lacrimas,
800 645 944 730 balatro,
961 651 992 711 et
1015 665 1182 730 compesce
1206 645 1386 729 querellas.

274 784 323 832 999
350 761 457 828 omnia
478 760 660 844 perfunctus
682 759 760 824 vitai
783 760 926 846 praemia
948 781 1094 827 marces:

349 878 407 943 sed
430 876 507 959 quia
529 895 655 958 semper
675 894 752 940 aves
775 873 861 956 quod
883 876 993 953 abest,
1010 875 1191 958 praesentia
1212 875 1348 960 temnis,

350 991 526 1080 inperfecta
548 990 606 1055 tibi
628 991 773 1075 elapsast
794 989 985 1071 ingrataque
1007 989 1091 1074 vita,

347 1114 379 1173 et
399 1126 459 1172 neo
481 1105 623 1189 opinanti
646 1125 732 1170 mors
755 1103 797 1168 ad
820 1109 916 1186 caput
937 1103 1056 1168 adstitit
1078 1109 1151 1169 ante

272 1242 322 1290 999
348 1242 442 1304 quam
466 1226 554 1286 satur
575 1239 614 1284 ao
636 1220 751 1303 plenus
773 1219 879 1303 possis
902 1217 1066 1284 discedere
1089 1239 1214 1284 rerum.

346 1357 432 1402 nunc
453 1335 559 1400 aliena
580 1339 638 1398 tua
659 1339 766 1398 tamen
788 1339 894 1399 aetate
918 1334 1027 1399 omnia
1050 1333 1159 1418 mitte,

346 1471 450 1533 aequo
472 1449 663 1529 animoque,
679 1469 741 1530 age
763 1448 859 1528 dum,
876 1448 982 1532 dignis
1005 1449 1168 1518 concede:
1184 1455 1348 1515 necessest
1360 1445 1376 1514 .'

347 1567 435 1650 iure,
451 1571 486 1628 ut
508 1565 641 1649 opinor,
658 1568 753 1647 agat,
769 1563 838 1628 iure
860 1564 1001 1647 increpet
1022 1563 1216 1644 inoiletque:

346 1680 430 1744 cedit
452 1679 537 1742 enim
559 1699 663 1742 rerum
685 1679 825 1744 novitate
849 1685 977 1744 extrusa
999 1684 1141 1744 vetustas

270 1815 320 1861 ooo
346 1811 490 1876 semper,
508 1797 540 1856 99
562 1811 603 1858 er
626 1792 700 1856 aliis
723 1793 811 1857 aliud
833 1812 986 1876 reparare
1008 1799 1190 1858 necessest.

346 1927 405 1972 999
428 1909 596 1990 quisquam
618 1907 652 1969 in
674 1906 856 1971 barathrum
881 1927 938 1972 neo
960 1910 1095 1972 Tartara
1117 1908 1246 1973 deditur
1269 1915 1360 1974 atra:

346 2022 494 2087 materies
517 2043 597 2106 opus
620 2027 688 2105 est,
705 2027 740 2086 ut
762 2029 906 2086 crescant
927 2029 1057 2105 postera
1080 2024 1207 2088 saecla:

346 2157 429 2219 quae
452 2145 556 2202 tamen
580 2137 686 2201 omnia
708 2142 739 2201 te
761 2137 827 2200 vita
849 2136 1016 2220 perfuncta
1039 2143 1233 2218 sequentur:

344 2273 403 2319 nec
425 2253 530 2317 minus
552 2272 628 2334 crgo
651 2257 725 2315 ante
747 2251 827 2315 haec
850 2272 946 2331 quarn
969 2258 1002 2316 tu
1025 2251 1192 2332 cecidere,
1207 2255 1410 2336 cadentque.

270 2388 319 2435 eto
345 2368 390 2432 sic
413 2367 480 2432 alid
504 2386 544 2432 ex
567 2365 630 2430 alio
653 2384 827 2446 numquam
850 2364 984 2428 desistet
1006 2366 1102 2443 oriri,

342 2483 473 2565 vitaque
494 2479 654 2563 mancipio
677 2479 756 2542 nulli
779 2478 893 2556 datur,
911 2479 1057 2544 omnibus
1079 2501 1161 2546 999.

343 2599 466 2680 respice
488 2595 566 2660 item
589 2616 683 2677 quarn
707 2594 751 2659 nil
775 2594 817 2658 ad
838 2613 898 2658 999
921 2600 994 2659 9999
1016 2601 1087 2658 acta
1107 2601 1252 2662 vetustas

344 2711 496 2795 temporis
518 2709 641 2775 aeterni
662 2709 779 2786 fuerit,
797 2728 892 2790 quam
916 2710 1075 2774 nascimur
1097 2719 1192 2776 ante.

343 2827 404 2889 hoc
426 2825 524 2906 igitur
546 2825 710 2908 speculum
732 2823 827 2888 nobis
843 2828 961 2904 *natura
984 2824 1080 2889 futuri

268 2961 318 3008 975
342 2938 495 3021 temporis
518 2939 647 3019 exponit
668 2943 741 3021 post
763 2944 896 3003 mortem
919 2938 1056 3020 denique
1080 2947 1240 3005 nostram.

344 3050 497 3132 numquid
520 3051 564 3114 ibi
587 3051 736 3116 horribile
759 3061 913 3138 apparet,
931 3075 1006 3118 num
1028 3056 1117 3120 triste
1139 3056 1264 3120 videtur

248 3257 254 3264 ι
345 3167 536 3249 quicquam,
553 3185 616 3228 non
640 3167 724 3229 omni
747 3187 858 3234 somno
883 3170 1026 3234 securius
1048 3172 1181 3235 exstat?

386 3285 489 3361 Atque
512 3298 572 3356 99,
589 3280 621 3343 99
643 3280 777 3365 mirum,
795 3303 877 3363 quae
900 3304 1035 3365 cumque
1057 3285 1237 3349 Acherunte
1259 3285 1418 3369 profundo

343 3395 472 3481 prodita
495 3401 568 3458 sunt
590 3414 682 3472 9999,
698 3397 731 3460 99
751 3397 817 3462 vita
840 3404 913 3462 sunt
935 3399 1042 3464 omnia
1064 3399 1178 3463 nobis.

266 3534 316 3580 980
341 3531 400 3576 neo
421 3510 518 3574 miser
539 3509 717 3595 inpendens
738 3531 890 3594 magnum
913 3513 1002 3576 timet
1025 3520 1099 3576 ae'rc
1122 3531 1233 3586 semim

344 3626 518 3709 Tantalus,
535 3632 569 3689 ut
591 3625 728 3708 9999999,
746 3645 839 3690 99999
861 3626 1029 3690 formidine
1052 3633 1203 3710 torpens:

343 3741 402 3804 sed
422 3740 527 3824 magis
548 3741 581 3804 in
605 3741 669 3804 vita
692 3739 797 3803 divom
820 3746 923 3804 metus
945 3745 1037 3819 urget
1058 3739 1163 3806 inanis

338 3854 502 3933 mortalis,
519 3873 693 3934 casumque
716 3853 828 3916 timent
850 3872 947 3933 quem
970 3853 1085 3936 cuique
1108 3853 1193 3919 ferat
1215 3856 1302 3920 fors.

340 3987 399 4033 nec
421 3970 538 4052 Tityon
561 3969 704 4032 volucres
726 3966 837 4030 ineunt
859 3965 1040 4032 Acherunte
1062 3969 1241 4048 iacentem,

343 4235 394 4283 954
413 4232 513 4282 baratro
534 4231 546 4298 Η
568 4235 618 4282 958
638 4231 813 4302 inperfectell
835 4236 885 4285 960
903 4235 999 4286 discere
1019 4234 1033 4305 Η
1054 4238 1103 4286 962
1123 4234 1249 4297 agendum
1261 4235 1361 4298 mugnis
1381 4234 1392 4304 ll
1414 4236 1465 4284 964

345 4320 407 4374 Oedi
429 4316 444 4386 Η
465 4322 514 4367 966
535 4318 663 4368 baratrum
