3266 4994
709 380 758 443 111

170 559 294 617 mortua
318 552 367 616 cui
388 551 455 619 vita
478 558 526 618 est
548 573 648 638 prope
671 553 734 616 iam
758 553 830 616 vivo
853 561 947 634 atque
970 553 1111 633 videnti,

170 667 222 748 qui
244 689 356 734 somno
379 674 503 753 partem
527 667 681 732 maiorem
704 668 842 733 conteris
865 668 957 746 aevi,

170 788 201 846 et
220 784 361 866 vigilans
385 784 487 848 stertis
510 802 570 848 nec
593 782 719 848 somnia
742 802 871 848 cernere
895 802 1022 865 cessas,

11 985 12 990 ἵ
170 899 404 981 sollicitamque
425 899 510 982 geris
533 919 624 964 cassa
646 898 815 964 formidine
837 903 996 982 mentem,

80 1033 229 1081 10501100
252 1014 391 1096 reperire
413 1021 507 1097 potes
529 1014 585 1078 tibi
609 1011 684 1095 qnid
708 1014 748 1077 sit
771 1033 868 1096 saepe
892 1014 987 1092 mali,
1005 1033 1073 1077 cum

169 1129 277 1192 ebrius
298 1129 423 1210 urgeris
446 1129 551 1193 multis
576 1128 670 1192 miser
692 1127 834 1209 undique
857 1129 941 1194 curis

169 1248 266 1324 atquc
288 1242 384 1306 animi
407 1243 527 1307 incerto
551 1242 681 1306 fluitans
705 1262 812 1306 errore
836 1243 982 1327 vagaris!

212 1357 246 1421 Si
267 1363 400 1440 possent
422 1357 587 1439 homines,
605 1356 740 1440 proinde
762 1376 800 1419 00
824 1358 940 1422 sentire
963 1358 1108 1422 videntur

167 1471 294 1554 pondus
316 1471 423 1535 inesse
445 1471 572 1554 animo,
590 1470 677 1552 quod
698 1491 733 1535 se
755 1473 911 1555 gravitate
934 1471 1069 1552 fatiget,

83 1605 188 1653 10000
212 1585 326 1666 quibus
349 1585 381 1648 id
403 1585 460 1650 fiat
482 1585 587 1650 causis
612 1604 739 1666 qnoque
761 1605 894 1650 noscere
918 1590 950 1651 et
972 1587 1056 1650 unde

9 1739 14 1786 ,
166 1705 256 1763 tanta
277 1701 352 1764 mali
375 1706 441 1764 tam
464 1722 559 1782 quam
581 1699 682 1764 moles
705 1699 737 1764 in
762 1706 891 1783 pectore
914 1707 1054 1784 constet,

169 1814 247 1878 haut
268 1815 313 1879 ita
334 1816 431 1880 vitam
456 1822 608 1898 agerent,
625 1820 659 1877 ut
680 1835 764 1879 nuno
786 1817 973 1898 plerumque
996 1816 1141 1880 videmus

169 1929 244 2010 quid
268 1929 327 1993 sibi
350 1930 485 2011 quisque
507 1930 585 1994 velit
606 1930 747 2013 nescire,
765 1937 795 1994 ct
818 1951 971 2011 quaerere
995 1950 1121 2014 semper

169 2048 364 2108 commutare
386 2046 509 2129 locum,
528 2047 618 2128 quasi
642 2066 722 2110 onus
746 2045 908 2129 deponere
929 2045 1051 2129 possit.

83 2177 152 2223 1000
170 2157 235 2220 exit
258 2177 355 2240 saepe
378 2158 463 2224 10100
486 2161 612 2242 magnis
635 2180 674 2224 ex
697 2160 831 2225 aedibus
853 2160 928 2237 ille,

168 2288 241 2334 esse
264 2271 350 2336 domi
373 2293 467 2354 quem
489 2281 721 2358 pertaesumst,
739 2276 906 2356 subitoque
928 2275 1076 2357 revertit,

9 2363 10 2436 1
169 2385 287 2469 quippe
310 2385 388 2452 foris
411 2387 477 2452 nilo
501 2389 615 2454 melius
638 2391 692 2472 qui
715 2392 831 2454 sentiat
854 2409 944 2454 esse.

8 2485 9 2500 ¹
169 2501 265 2563 currit
287 2521 387 2582 agens
409 2523 545 2568 mannos
568 2504 610 2566 ad
632 2504 743 2568 villam
767 2504 1030 2587 praecipitanter,

8 2653 9 2708 p
169 2614 321 2678 auxilium
345 2617 437 2681 tectis
460 2617 551 2697 quasi
573 2615 654 2680 ferre
678 2616 865 2682 ardentibus
888 2619 1032 2681 instans:

7 2773 19 2822 7
82 2749 152 2795 1005
171 2729 285 2793 oscitat
307 2731 487 2814 extemplo,
503 2731 606 2814 tetigit
629 2752 696 2795 cnm
721 2731 832 2795 limina
854 2732 969 2807 villae,

168 2844 310 2908 nutabit
332 2846 364 2909 in
386 2865 533 2910 somnum
556 2845 666 2929 gravis
689 2853 786 2927 atque
809 2845 928 2911 oblivia
952 2846 1096 2927 quaerit,

170 2959 344 3022 autetiam
367 2979 542 3044 properans
567 2961 676 3024 urbem
699 2962 778 3044 petit
800 2969 896 3042 atque
920 2960 1052 3026 revisit.

169 3073 229 3135 1100
251 3093 286 3136 00
310 3074 445 3155 quisque
469 3076 563 3138 modo
587 3075 688 3156 fugit:
706 3082 739 3139 at
762 3098 878 3159 quom,
895 3076 1035 3159 scilicet,
1052 3084 1086 3139 ut
1108 3077 1161 3152 fit,

169 3187 309 3266 effugere
332 3189 407 3252 haut
429 3190 512 3272 potis
536 3195 603 3267 est,
620 3191 753 3274 ingratis
777 3191 890 3254 haeret
913 3195 945 3253 et
968 3189 1035 3253 odit

86 3325 152 3370 1010
169 3309 364 3386 propterea,
380 3304 479 3367 morbi
503 3305 578 3384 quia
601 3325 733 3369 causam
758 3325 822 3368 non
844 3310 932 3374 tenet
954 3323 1070 3385 aeger;

169 3438 264 3498 quarn
290 3417 370 3480 bene
394 3417 419 3480 si
443 3418 571 3494 videat,
588 3419 652 3482 iarn
675 3420 770 3482 rebus
795 3418 929 3498 quisque
952 3416 1071 3478 relictis

168 3539 311 3595 naturam
335 3531 466 3614 primum
492 3533 621 3596 studeat
643 3549 837 3614 cognoscere
862 3548 985 3607 rerum,

169 3647 320 3728 temporis
344 3647 463 3718 aeterni
488 3647 661 3728 qnoniam,
679 3631 743 3708 non
765 3645 859 3709 unius
882 3644 1001 3720 horae,

169 3760 339 3841 ambigitur
362 3766 483 3842 status,
499 3761 530 3823 in
555 3781 618 3841 quo
641 3760 681 3824 sit
703 3760 891 3824 mortalibus
915 3760 1017 3824 omnis

86 3890 154 3936 1010
171 3878 282 3957 00100,
299 3881 372 3956 post
393 3879 525 3938 mortem
549 3893 631 3953 quae
654 3880 752 3939 restat
774 3895 908 3957 cumque
931 3874 1117 3940 manenda.

174 4176 240 4223 1050
260 4174 328 4236 quod
353 4172 366 4241 11
393 4173 564 4224 1052001100
588 4170 602 4241 Η
629 4176 694 4223 1061
715 4191 759 4237 por
777 4189 851 4235 quem
871 4171 883 4240 Η
905 4176 1006 4223 revertit
1024 4174 1164 4224 cotiaeum.
1186 4169 1199 4240 Η
1228 4174 1294 4220 1063

172 4262 338 4324 praecipiter.
360 4261 371 4326 ΙΙ
395 4265 462 4311 1064
481 4263 575 4310 instas.
599 4256 611 4327 11
634 4263 700 4309 1068
719 4277 793 4322 quem
814 4259 827 4328 b
850 4264 915 4309 1000
930 4261 1054 4323 ingratius
1075 4256 1089 4327 ΙΙ
1111 4262 1176 4308 1073
1190 4261 1295 4310 Aeterni

172 4347 293 4409 temporis
313 4343 327 4416 ΙΙ
350 4351 415 4398 1070
434 4350 578 4398 manendo.

1073 4451 1092 4512 8
