3236 5020
697 407 730 474 11

150 600 284 666 corpore
306 580 467 646 seiunctus
488 578 581 643 dolor
604 577 708 670 absit,
731 579 836 641 menti'
857 576 981 642 fruatur

148 697 288 763 iucundo
311 716 426 778 sensu,
451 713 528 758 cura
549 691 681 758 semotu’
705 693 883 774 metuque?

86 831 122 878 20
151 830 228 895 ergo
252 830 439 896 corpoream
463 807 505 872 ad
527 812 674 872 naturam
696 826 801 890 pauca
822 806 968 872 videmus

152 944 226 990 esse
249 943 329 1008 opus
352 923 501 1006 omnino,
525 941 609 1004 quae
632 920 762 985 demant
784 939 918 1002 cumque
941 921 1105 1006 dolorem,

151 1029 284 1104 de'lioias
308 1058 435 1121 quoque
458 1039 503 1101 uti
525 1037 642 1101 multas
664 1035 868 1102 substernere
891 1037 1034 1123 possint.

151 1154 275 1237 gratius
297 1153 379 1217 inter
401 1154 476 1218 dum
500 1171 604 1234 neque
626 1157 741 1216 natura
763 1150 834 1234 ipsa
857 1133 1022 1232 requirit(

151 1270 179 1335 si
202 1288 266 1333 non
288 1287 389 1334 aurea
412 1273 486 1333 sunt
506 1267 655 1332 iuvenum
678 1265 848 1330 simulacra
871 1285 927 1348 per
950 1266 1051 1330 aedes
1120 1313 1131 1358 ·.

88 1403 123 1450 aa
149 1381 321 1466 lampadas
342 1381 499 1463 igniferas
519 1380 667 1444 manibus
689 1379 858 1443 retinentia
881 1378 1022 1454 dextris,

149 1497 272 1560 lumina
294 1495 456 1560 nocturnis
480 1495 584 1578 epulis
606 1500 641 1580 nt
663 1492 923 1576 suppeditentur.

152 1629 212 1673 nec
234 1608 347 1672 domus
370 1614 512 1689 argento
526 1607 659 1690 fulgenti
683 1625 827 1688 auroque
849 1607 991 1689 renidet,

153 1740 215 1786 nec
237 1720 378 1785 citharae
401 1720 534 1785 reboant
555 1721 709 1808 laqueata
731 1726 910 1800 aurataque
933 1713 1036 1802 tecta,

151 1855 223 1900 cum
247 1841 354 1900 tamen
376 1834 458 1898 inter
480 1853 516 1899 se
537 1834 685 1917 prostrati
709 1833 742 1897 in
765 1834 910 1914 gramine
932 1835 1021 1898 molli

90 1971 124 2017 ao
148 1953 281 2032 propter
303 1969 409 2030 aquae
430 1948 532 2013 rivnm
555 1949 613 2012 sub
637 1949 736 2013 ramis
757 1948 883 2012 arboris
905 1949 993 2012 altae

149 2083 211 2127 non
237 2063 360 2147 magnis
383 2064 497 2148 opibus
520 2063 656 2128 iucunde
679 2082 816 2146 corpora
835 2068 965 2145 curant,

148 2175 335 2261 praesertim
358 2197 430 2240 cum
451 2183 625 2261 tempestas
648 2177 827 2251 adridetet
848 2177 923 2239 anni

148 2297 294 2375 tempora
317 2298 532 2374 conspergunt
554 2292 721 2356 viridantis
744 2291 876 2356 floribus
899 2290 1033 2374 herbas,

150 2422 213 2468 nec
232 2404 358 2470 calidae
382 2405 475 2470 citius
498 2405 658 2470 decedunt
681 2423 814 2488 corpore
837 2404 966 2480 febres,

91 2541 124 2587 35
149 2519 312 2584 textilibus
335 2519 360 2583 si
384 2519 416 2582 in
440 2519 571 2601 picturis
594 2524 744 2598 ostroque
768 2517 893 2582 rubenti

148 2634 299 2708 laeteris,
325 2653 422 2713 (lnam
445 2633 527 2697 siin
550 2632 679 2716 plebeia
701 2637 790 2694 veste
814 2629 995 2693 cubandum
1020 2637 1087 2693 est.

149 2753 367 2830 quapropter
390 2747 540 2826 (lunulam
564 2747 607 2809 nil
632 2751 739 2810 nostro
761 2744 793 2806 in
817 2762 950 2826 corpore
973 2763 1073 2824 gazae

148 2861 317 2951 proficiunt
339 2879 444 2942 neque
466 2860 617 2925 nobilitas
639 2881 698 2926 nec
721 2860 825 2942 gloria
847 2858 957 2940 regni,
1047 2863 1049 2868 '

149 2975 235 3057 qnod
258 2981 444 3060 superest,
469 2977 576 3040 animo
600 2995 727 3058 quoque
750 2976 793 3038 nil
816 2973 973 3084 prQessc
995 2977 1193 3058 putandum3

90 3111 124 3157 lo
148 3087 173 3153 si
199 3111 262 3153 non
284 3090 367 3154 forto
389 3097 462 3156 tuas
485 3091 629 3178 legiones
651 3109 709 3174 per
732 3091 804 3155 loca
827 3092 932 3175 campi

148 3201 272 3268 fervere
295 3224 367 3268 cnm
388 3205 519 3288 videas,
538 3205 612 3269 belli
637 3204 808 3270 simulacra
832 3206 965 3290 cientis,

150 3316 301 3383 subsidiis
324 3319 513 3402 magnisque
537 3319 717 3403 elephantis
740 3293 979 3400 constabilitas,

92 3451 125 3497 aa
151 3435 279 3496 ornatas
302 3433 418 3517 armis,
441 3433 588 3510 validas,
612 3434 796 3517 pariterque
819 3433 998 3508 animatae,

149 3541 274 3608 fervere
297 3565 366 3610 oum
389 3546 502 3612 videas
525 3547 660 3612 classem
683 3547 811 3626 lateque
831 3545 964 3628 vagari,

92 3679 124 3724 44
150 3657 197 3721 his
220 3658 275 3722 tibi
298 3665 364 3723 tum
387 3661 482 3746 rebus
505 3659 688 3726 timefactae
712 3659 882 3742 religiones

149 3770 305 3853 effugiunt
326 3774 434 3838 animo
457 3776 596 3858 pavide,
621 3774 792 3856 mortisque
814 3774 943 3840 timores

147 3893 212 3951 turn
234 3907 369 3952 vacnum
392 3893 504 3971 pectus
525 3889 648 3955 lincunt
671 3907 811 3970 curaque
834 3889 993 3954 solutum.

69 3995 74 4004 '
125 4001 233 4084 ,qnod
256 4003 284 4065 si
305 4000 442 4066 ridicula
463 3999 543 4065 haee
566 4001 767 4085 ludibriaque
790 4022 863 4095 esse
885 4003 1051 4077 videmus,

152 4269 182 4316 18
201 4278 284 4317 mente
305 4265 318 4335 l}
341 4271 371 4317 19
391 4277 488 4318 semota
514 4265 527 4336 Η
553 4269 583 4316 27
604 4267 685 4331 fulget
709 4265 722 4334 Η
749 4269 781 4316 28
801 4267 919 4328 laqueata
939 4266 951 4334 ll
972 4268 1082 4330 templa.
1108 4260 1121 4331 {l
1149 4267 1273 4328 absuper

151 4369 176 4406 es
196 4351 209 4422 ξΙ
230 4359 261 4404 41
282 4356 376 4405 Fruere
396 4352 409 4424 Η
430 4358 462 4404 42
481 4353 581 4418 magnis
599 4354 695 4418 epicuri
718 4349 732 4420 Η
756 4355 789 4402 43
809 4354 914 4406 itcstnas
933 4355 1070 4416 tariterqne
1089 4349 1104 4423 Η
1123 4357 1155 4404 46
1176 4362 1272 4417 tempus
