3266 4994
82 585 111 630 co
134 563 293 649 expulerit
315 564 427 649 dictis,
443 583 509 630 non
531 564 649 648 armis,
667 585 774 630 nonne
796 564 924 631 decebit

131 673 213 744 h'unc
235 679 399 745 hominem
422 699 553 746 numero
576 680 682 744 divom
706 679 870 763 dignarier
890 681 989 745 esse?

131 812 201 856 cum
224 793 309 858 bene
332 793 520 877 praesertim
544 795 643 858 multa
665 813 704 859 ac
725 790 875 858 diuinitus
898 793 976 877 ipsis

129 906 364 990 immortalibu’
380 907 421 972 de
443 907 526 972 divis
549 907 626 974 dare
649 907 734 974 diota
757 909 855 974 sue'rit

129 1029 227 1104 atque
253 1041 380 1087 omnem
403 1041 504 1087 rerum
528 1029 675 1088 naturam
698 1023 840 1107 pandere
863 1023 975 1088 dictis.

78 1154 106 1199 cc
173 1135 275 1202 Cuius
299 1156 360 1218 ego
383 1137 548 1218 ingressus
569 1137 707 1220 vestigia
730 1138 804 1201 dum
827 1137 969 1203 rationes

129 1269 314 1334 persequor
337 1271 374 1316 ao
396 1251 497 1316 doceo
520 1250 633 1334 dictis,
651 1273 713 1334 quo
737 1272 884 1334 quaeque
908 1259 1014 1317 creata

129 1363 265 1430 foedere
288 1366 368 1449 sint,
383 1365 415 1429 in
440 1385 478 1432 eo
502 1385 598 1447 quam
622 1366 663 1431 sit
685 1367 799 1432 durare
822 1387 989 1435 necessum

129 1498 189 1544 nec
212 1481 343 1546 validas
364 1482 494 1546 valeant
515 1482 587 1547 aevi
609 1483 791 1550 rescindere
815 1485 924 1567 leges,

130 1614 193 1675 quo
218 1615 340 1680 genere
362 1596 396 1660 in
418 1595 528 1680 primis
550 1596 649 1660 animi
673 1603 786 1662 natura
807 1603 936 1682 reperta
958 1603 1006 1664 est

79 1726 108 1774 co
133 1710 245 1776 nativo
266 1711 402 1794 primum
425 1710 599 1776 consistere
622 1731 756 1793 corpore
780 1718 867 1777 oreta

131 1843 190 1889 neo
213 1845 313 1909 posse
335 1825 504 1890 incolumis
527 1845 678 1908 magnum
701 1826 817 1892 durare
838 1846 896 1911 per
919 1847 1052 1912 aevom,

132 1939 191 2004 sed
214 1940 389 2004 simulacra
412 1939 516 2005 solere
538 1939 571 2003 in
594 1940 715 2005 somnis
737 1940 851 2008 fallere
873 1949 1032 2022 mentem,

131 2071 265 2120 cernere
288 2072 358 2118 cum
381 2053 546 2118 videamur
569 2074 639 2120 curn
664 2076 756 2137 quem
779 2057 843 2121 vita
864 2058 1012 2138 reliquit,

133 2167 220 2248 quod
244 2187 341 2252 super
363 2174 430 2251 est,
447 2189 532 2234 nunc
553 2168 616 2234 huo
636 2171 768 2235 rationis
790 2171 903 2237 detulit
925 2174 1024 2257 ordo,

82 2296 108 2343 cc
132 2287 166 2345 ut
187 2282 269 2346 milri
291 2283 420 2347 mortali
442 2282 616 2349 consistere
640 2305 772 2369 corpore
795 2286 945 2351 mundum

131 2397 340 2478 nativomque
364 2397 456 2462 simul
479 2399 559 2463 ratio
583 2399 751 2464 reddunda
775 2401 814 2464 sit
837 2420 928 2483 esse;

134 2516 165 2575 et
188 2512 307 2594 quibus
328 2511 383 2576 ille
406 2508 509 2575 modis
533 2489 725 2591 congressus
748 2513 893 2578 materiai

133 2623 279 2691 fundarit
301 2631 437 2709 terram,
456 2625 598 2704 caelum,
616 2646 723 2710 mare,
740 2627 868 2710 sidera,
886 2627 1006 2710 solem,

131 2739 288 2823 lunaique
310 2741 459 2825 globum3
475 2745 541 2803 tum
565 2760 648 2821 quae
671 2741 783 2806 tellure
806 2739 989 2806 animantes

84 2869 110 2916 ro
135 2855 317 2934 extiterint,
334 2861 366 2920 et
388 2875 469 2937 quae
493 2854 580 2918 nullo
603 2854 665 2920 sint
687 2861 829 2938 tempore
855 2861 969 2934 natae3

134 2989 240 3050 quove
261 2970 364 3062 modu
380 2988 481 3051 genus
504 2968 676 3034 humanum
698 2969 842 3036 variante
865 2970 1008 3053 loquella

135 3084 279 3169 coeperit
300 3085 382 3150 inter
404 3104 439 3150 se
461 3084 547 3150 vesci
569 3104 627 3168 per
649 3085 779 3150 nomina
800 3105 924 3169 rerum3

134 3207 166 3264 et
190 3199 306 3280 quibus
328 3199 383 3264 ille
405 3199 508 3264 modis
531 3199 639 3264 divom
663 3203 764 3266 metus
786 3201 954 3265 insinuarit

133 3318 284 3398 pectora,
301 3318 455 3378 terrarum
481 3313 534 3395 qui
557 3315 591 3378 in
612 3314 681 3380 orbi
703 3320 816 3380 sancta
838 3319 943 3378 tuetur

86 3442 110 3490 rc
134 3428 214 3493 fana
236 3429 326 3494 lacus
348 3427 439 3494 lucos
462 3449 538 3494 aras
561 3429 796 3509 simulacraque
819 3427 946 3492 divom.

134 3549 304 3628 praeterea
327 3543 404 3608 solis
427 3562 538 3608 cursus
560 3543 719 3624 lunaeque
741 3547 866 3606 meatus

135 3657 306 3742 expediam
329 3677 393 3740 qua
416 3658 447 3724 vi
469 3657 578 3724 flectat
600 3663 716 3722 natura
737 3657 941 3740 gubernans;

134 3792 175 3837 ne
197 3771 280 3837 forte
305 3772 384 3837 haec
405 3772 487 3837 inter
510 3772 633 3838 caelum
657 3776 840 3853 terramque
864 3791 989 3837 reamur

134 3886 238 3952 libera
259 3891 373 3970 sponte
395 3906 455 3951 sua
479 3905 589 3952 cursus
611 3865 749 3953 lustrare
772 3887 942 3972 perennis,

82 4015 113 4065 eo
138 4001 297 4085 morigera
319 4000 362 4065 ad
384 3999 490 4080 fruges
513 4001 682 4080 augendas
704 4008 800 4084 atque
824 4003 1014 4081 animantis,
1056 4022 1075 4070 ,·

137 4135 218 4180 neve
242 4115 354 4198 aliqua
376 4114 484 4180 divom
505 4112 592 4178 volvi
615 4116 739 4181 ratione
760 4122 930 4199 putemus.

142 4359 174 4410 13
195 4373 208 4409 e
228 4355 242 4427 Η
263 4361 294 4408 61
315 4353 475 4426 incolumen
496 4359 527 4408 dl
548 4356 697 4406 materiam.
717 4354 731 4426 ΙΙ
753 4361 784 4408 10
803 4358 843 4408 sin
863 4354 876 4425 ΙΙ
899 4361 928 4407 71
949 4355 1063 4420 loquela.
