3266 4994
360 389 419 457 148
894 381 960 448 1111

355 559 445 625 multi
471 557 510 624 de
533 557 659 640 magnis
682 575 739 640 per
761 575 908 621 somnum
930 556 1016 622 rebu'
1038 556 1229 639 loquuntur,

355 674 537 755 indicioque
561 674 609 739 sni
632 672 709 738 tacti
731 691 888 756 persaepe
909 670 1021 736 fuere.

273 811 340 859 0000
357 788 444 853 multi
466 794 600 853 mortem
624 788 760 852 obeunt.
778 786 888 870 multi,
905 787 945 852 dc
969 787 1128 852 montibus
1151 787 1223 851 altis

357 910 391 968 ut
413 903 467 984 qui
489 902 698 986 praecipitent
720 901 764 967 ad
786 907 903 966 terram
926 921 1058 985 corpore
1081 906 1168 977 0000,

357 1022 581 1099 00000000000,
599 1022 630 1080 00
653 1037 693 1081 ex
716 1036 827 1081 somno
851 1015 943 1097 quasi
965 1013 1115 1080 mentibu’
1140 1014 1223 1098 capti

357 1133 411 1197 vix
433 1133 474 1196 ad
497 1153 532 1197 00
555 1131 709 1215 redeunt,
725 1130 861 1214 permoti
885 1131 1026 1214 corporis
1048 1137 1159 1195 aestu.

355 1247 473 1311 flumen
495 1247 569 1311 item
594 1246 704 1311 sitiens
727 1252 781 1310 000
804 1245 923 1310 fontem
946 1252 1076 1329 propter
1098 1264 1266 1308 amoenum

273 1383 339 1430 1025
357 1361 484 1426 adsidet
507 1367 539 1426 et
560 1367 659 1424 totum
683 1380 783 1444 prope
806 1359 953 1424 faucibus
976 1365 1109 1443 occupat
1131 1378 1280 1422 omnem.

353 1477 423 1561 puri
447 1495 544 1560 saepe
567 1476 673 1540 lacum
694 1481 824 1558 propter
847 1477 892 1540 001
916 1496 955 1540 00
979 1475 1065 1540 dolia
1088 1479 1176 1538 curta

356 1611 466 1657 somno
491 1588 630 1654 devincti
651 1591 784 1654 credunt
805 1610 840 1654 se
863 1591 1015 1656 extollere
1038 1595 1179 1665 vestem,

354 1705 450 1770 totius
474 1723 616 1769 umorem
640 1712 799 1769 saccatum
822 1707 954 1789 corpori'
970 1705 1127 1784 fundunt,

356 1840 427 1885 cunr
450 1818 647 1901 Babylonica
669 1821 839 1901 magnifico
863 1821 1035 1904 splendore
1058 1821 1220 1901 rigantur.

271 1957 337 2004 1030
354 1943 420 2000 tum
444 1934 558 2016 quibus
581 1934 696 1999 aetatis
719 1934 800 1999 freta
822 1935 967 2019 primitus
989 1935 1167 1999 insinuatur

354 2071 482 2132 semen,
499 2049 552 2114 ubi
575 2048 647 2132 ipsa
670 2050 738 2114 dies
761 2049 910 2115 membris
933 2054 1058 2114 matura
1080 2048 1220 2124 creavit,

354 2166 545 2232 conveniunt
567 2165 739 2231 simulacra
761 2164 839 2230 foris
862 2185 878 2230 e
901 2183 1035 2249 corpore
1060 2163 1219 2245 quodam,

352 2280 464 2346 nuntia
486 2281 645 2366 praeclari
667 2281 770 2345 voltum
791 2279 979 2364 pulchrique
1004 2279 1139 2360 coloris,

352 2397 406 2477 qui
429 2396 490 2460 ciet
513 2395 648 2459 inritans
670 2394 742 2459 loca
764 2394 891 2476 turgida
913 2394 1034 2458 semine
1057 2393 1177 2468 multo,

271 2529 336 2577 1035
352 2514 386 2572 ut
408 2510 500 2591 quasi
523 2508 694 2574 0100000010
717 2529 813 2593 saepe
837 2506 974 2573 omnibu’
997 2507 1085 2571 rebu’
1107 2504 1305 2591 profundant

248 2686 250 2692 .
351 2623 491 2688 fluminis
513 2624 652 2704 ingentis
673 2623 786 2688 fluctus
808 2630 993 2703 vestemque
1016 2627 1197 2686 000000000.

391 2737 585 2803 Sollicitatur
606 2737 641 2802 id
665 2758 682 2803 e
705 2738 816 2816 nobis,
834 2736 920 2818 quod
942 2737 1080 2801 diximus
1103 2743 1201 2810 ante,

351 2872 483 2937 semen,
500 2853 611 2918 adulta
633 2857 724 2917 aetas
747 2870 817 2914 eum
839 2852 977 2933 primum
1002 2851 1132 2915 roborat
1156 2857 1264 2914 artus.

352 2986 491 3048 namque
515 2967 595 3031 alias
618 2966 705 3029 aliud
729 2983 779 3029 000
803 2972 980 3030 commovet
1002 2972 1098 3048 atque
1121 2964 1270 3029 lacessit:

270 3099 394 3146 1040001
417 3080 545 3143 homine
568 3080 739 3152 humanum
763 3099 871 3146 semen
896 3080 957 3144 ciet
980 3101 1044 3142 una
1066 3067 1203 3142 hominis
1225 3078 1293 3142 vis.

355 3195 441 3276 qnod
464 3194 558 3259 simul
582 3199 677 3276 atque
700 3195 766 3259 suis
789 3195 925 3261 eiectum
949 3193 1079 3259 sedibus
1103 3193 1185 3270 exit,

351 3327 409 3392 per
432 3307 573 3372 membra
596 3315 690 3391 atquc
714 3320 799 3377 artus
823 3310 950 3376 decedit
972 3328 1104 3392 corpore
1128 3313 1213 3384 0000,

352 3424 385 3486 10
407 3423 479 3487 1000
502 3423 694 3490 conveniens
717 3445 887 3491 nervorum
909 3430 1015 3501 00000,
1032 3423 1156 3504 cietque

352 3537 500 3602 continuo
521 3539 622 3621 partis
645 3540 793 3621 genitalis
817 3539 959 3623 eorporis
981 3539 1091 3622 ipsas.

269 3672 335 3719 1045
352 3653 479 3716 inritata
500 3659 622 3718 tument
642 3654 715 3720 loca
737 3654 877 3729 semine,
894 3652 991 3732 fitque
1014 3651 1163 3716 voluntas

353 3767 455 3833 eicere
476 3767 509 3831 id
533 3789 594 3850 quo
620 3788 654 3833 se
678 3766 838 3832 contendit
861 3766 931 3829 dira
953 3764 1084 3842 lubido,

269 3900 335 3948 0000
351 3882 448 3965 idque
470 3881 549 3966 petit
572 3900 708 3964 eorpus,
725 3897 817 3942 mens
840 3878 925 3942 unde
949 3883 997 3942 000
1019 3879 1129 3944 saucia
1152 3896 1282 3944 amore:

355 4182 420 4229 1022
440 4176 607 4226 Exterruntur
627 4174 640 4246 11
663 4181 728 4228 1020
748 4180 833 4230 lacum
853 4175 866 4248 Η
886 4195 911 4230 00
937 4177 949 4248 ΙΙ
976 4182 1042 4230 1032
1063 4193 1180 4244 quoque.
1202 4177 1215 4246 11
1238 4180 1305 4228 1033
1324 4177 1439 4227 colores.
1461 4173 1475 4243 ΙΙ

355 4267 423 4314 1034
442 4263 514 4326 Quae
533 4262 547 4334 ΙΙ
568 4267 634 4314 1030
654 4265 686 4316 Et
707 4262 719 4334 Η
745 4269 810 4316 1036
831 4275 960 4318 00000000.
981 4268 994 4336 ΙΙ
1022 4270 1087 4317 1031
1107 4267 1279 4318 comissum.
1305 4262 1319 4333 Η
1345 4267 1412 4314 1038
1432 4263 1476 4312 00-

354 4346 439 4418 0011
461 4353 659 4402 00030004.
