3240 5010
683 361 728 426 VI

67 555 124 602 825
150 533 301 616 reliquias
324 535 407 600 vitae
431 532 580 598 membris
602 551 643 596 ex
666 532 958 598 omnibusoufert.

149 649 266 733 quippe
289 648 405 714 etenim
427 647 529 730 primo
553 649 645 729 quasi
670 647 828 729 quendam
852 646 974 713 uoueiet
997 654 1142 712 aestum:

149 764 307 848 posterius
329 763 364 826 fit
386 763 451 839 uti,
469 783 540 827 oum
562 762 626 826 iam
649 761 796 827 eeeidere
818 761 931 828 veneni

150 877 182 942 iu
204 876 301 942 fontis
324 876 411 960 ipsos
425 927 432 953 ,
448 876 493 941 ibi
516 877 557 942 sit
580 896 707 958 quoque
729 876 795 940 vita
818 875 978 940 vomenda

149 996 323 1077 propterea
346 991 432 1073 quod
454 1011 574 1090 magna
597 989 671 1053 mali
694 989 729 1052 fir
751 991 843 1074 eopia
865 991 1003 1054 oiroum.

69 1127 124 1173 sao
193 1107 244 1170 Fit
267 1127 393 1188 quoque
416 1110 449 1170 ut
471 1106 552 1170 inter
575 1103 649 1168 dum
673 1104 721 1168 vis
743 1103 826 1170 haee
848 1112 943 1187 atque
965 1111 1073 1170 aestus
1095 1105 1214 1170 Averni
1253 1156 1257 1166 .

150 1227 245 1304 aera,
265 1221 317 1302 qui
341 1221 422 1284 inter
446 1219 515 1284 avis
538 1225 704 1299 cumquest
725 1223 906 1300 terramque
929 1221 1072 1296 loeutus,

150 1335 299 1400 discutiat
312 1355 434 1419 ,prope
457 1335 502 1398 uti
525 1334 614 1399 loeus
639 1325 690 1398 iiio
712 1334 878 1416 linquatur
899 1335 1024 1398 inanis.

152 1450 240 1514 euius
261 1449 314 1513 ubi
338 1470 356 1515 e
378 1437 509 1530 regione
532 1449 594 1514 loei
618 1467 734 1514 venere
758 1449 924 1525 volantes,

152 1565 309 1630 elaudioat
332 1564 491 1648 externplo
514 1565 680 1650 pinnarum
704 1564 792 1629 uisus
815 1563 941 1646 inanis,

74 1702 128 1749 sao
154 1685 186 1745 et
208 1699 364 1744 oouameu
385 1680 543 1761 utrimque
567 1680 689 1744 alarum
713 1678 856 1762 proditur
879 1699 992 1742 omne.

150 1794 203 1858 hio
225 1795 278 1858 ubi
301 1795 402 1859 nixari
427 1800 589 1877 nequeunt
611 1794 822 1876 insistereque
844 1793 924 1877 alie,

152 1908 292 1986 scilieet,
308 1910 340 1974 in
363 1918 483 1974 terram
506 1908 614 1973 delabi
636 1910 779 1993 pondere
801 1909 888 1990 oogit

150 2031 284 2102 natura,
301 2031 332 2088 et
354 2044 488 2089 vaenum
512 2045 612 2109 prope
635 2024 708 2094 iam
722 2044 779 2107 per
801 2023 899 2088 inune
921 2023 1063 2088 iacentes

73 2160 126 2207 839
153 2139 340 2223 dispergunt
362 2141 486 2205 animas
508 2159 565 2224 per
587 2140 698 2204 oeulos
722 2139 865 2224 eorporis
888 2138 1011 2204 omnis.

662 2256 681 2294 ³ie

152 2390 217 2434 non
240 2368 316 2434 milri
340 2368 369 2435 si
390 2369 522 2454 linguae
545 2373 673 2434 eentum
695 2369 758 2434 sint
781 2388 901 2451 oraque
923 2375 1068 2451 eentum,

153 2505 251 2552 aerea
272 2504 355 2562 vox,

662 2599 681 2638 :le

835 2713 988 2780 mensibu'
1010 2713 1111 2797 frigus

660 2832 680 2872 aa

760 2965 973 3028 eameraeque
997 2946 1131 3010 eaminis

662 3062 681 3102 a

382 3225 387 3235 .
468 3195 508 3240 ue
531 3175 663 3240 oblimet

662 3291 682 3332 a

74 3427 126 3472 840
151 3405 295 3486 frigidior
318 3425 413 3489 porro
436 3404 470 3467 in
491 3404 595 3486 puteis
619 3409 741 3467 aestate
764 3405 799 3468 fit
822 3427 931 3490 umor,

152 3520 285 3584 raresoit
306 3519 383 3601 quia
406 3523 493 3583 terra
516 3518 643 3593 calore,
660 3524 690 3581 et
712 3519 835 3581 semina
857 3520 886 3583 si
909 3539 993 3600 quae

152 3631 233 3696 forte
256 3634 386 3718 vaporis
408 3629 526 3709 habet,
542 3650 678 3715 propere
702 3631 828 3696 dimittit
848 3632 882 3696 in
905 3653 1021 3697 auras.

152 3764 216 3827 quo
239 3748 342 3827 magis
365 3756 414 3814 est
436 3747 533 3830 igitur
554 3745 650 3811 tellus
672 3746 767 3811 effeta
790 3747 916 3822 calore,

151 3859 186 3922 fir
209 3878 336 3940 quoque
358 3861 503 3945 frigidior
527 3862 581 3944 qui
603 3862 637 3925 in
659 3867 774 3926 terrast
796 3859 924 3924 abditus
947 3881 1057 3924 unior.

77 3993 128 4041 845
153 3974 270 4058 frigore
294 3991 364 4036 uum
387 3975 540 4056 premitur
561 3997 657 4060 porro
682 3974 784 4040 omnis
807 3982 892 4040 terra
914 3973 1042 4055 eoitque

156 4249 206 4298 825
226 4250 279 4299 vita
298 4244 312 4318 ΙΙ
338 4249 387 4299 831
409 4258 538 4308 teramque
563 4245 576 4315 ΙΙ
602 4251 651 4298 832
671 4251 731 4301 hine
750 4252 872 4314 linquitur
893 4249 905 4316 Η
927 4250 976 4297 838
997 4263 1010 4296 e
1029 4248 1084 4298 bio.
1111 4242 1123 4311 Η
1151 4247 1201 4292 840
1221 4244 1276 4304 Que

155 4335 274 4398 frigidior
294 4335 307 4405 Η
328 4338 376 4386 841
398 4336 500 4386 Aresoit
521 4332 533 4402 ll
554 4336 615 4383 serni
635 4337 724 4398 siqua.
745 4335 758 4405 ll
779 4339 829 4386 842
849 4336 949 4400 proprie
