3236 5020
347 395 390 460 64
799 410 802 415 ·
895 389 929 454 ll

345 560 428 625 inter
449 578 484 624 se
506 560 634 644 genitae
655 579 707 624 res
731 579 897 643 quaeque,
915 561 960 624 ita
983 579 1144 642 quamque
1166 567 1329 628 necessest

347 673 495 738 dissimili
517 679 662 739 constare
683 672 786 756 ligura
805 673 1057 757 principiorum

348 807 411 852 non
433 808 495 869 quo
518 789 618 852 multa
639 806 751 870 parum
773 787 868 852 simili
891 788 954 853 sint
975 787 1124 872 praedita
1145 788 1268 874 forma,

347 901 406 967 sed
429 901 502 984 quia
524 921 588 964 non
610 901 707 982 volgo
729 901 822 984 paria
844 901 992 966 omnibus
1015 901 1124 966 omnia
1146 909 1311 968 constent:

274 1036 323 1084 777
349 1016 471 1081 semina
493 1035 564 1080 cum
585 1035 681 1099 porro
705 1015 843 1092 distent,
860 1014 988 1081 differre
1011 1023 1177 1082 necessust

346 1131 532 1212 intervalla,
549 1129 640 1208 vias,
657 1147 819 1211 conexus,
835 1127 998 1211 pondera,
1015 1131 1155 1213 plagas,

346 1262 540 1319 concursus,
557 1248 682 1319 motus;
699 1261 783 1323 quae
805 1262 868 1307 non
889 1243 1042 1307 animalia
1063 1243 1165 1307 solum
1268 1273 1272 1280 ·

348 1377 483 1441 corpora
505 1357 694 1438 seiungunt,
711 1354 770 1420 sed
791 1363 894 1421 terras
916 1377 953 1420 ac
975 1376 1063 1423 mare
1084 1360 1185 1422 totum

349 1474 518 1536 secernunt
540 1470 728 1551 caelumque
750 1489 771 1533 a
793 1471 884 1535 terris
908 1491 1002 1536 omne
1025 1477 1204 1537 retentant.

274 1583 1176 1666 immmmmfflmwm

349 1699 500 1784 percipe,
516 1716 556 1763 ne
578 1697 662 1762 forte
685 1697 767 1763 haec
789 1699 871 1764 albis
895 1719 935 1764 ex
958 1701 1034 1764 alba
1056 1700 1157 1765 rearis

349 1811 514 1898 principiis
537 1831 626 1891 esse,
645 1819 721 1878 ente
743 1815 852 1878 oculos
876 1832 958 1894 quae
980 1813 1120 1877 candida
1142 1814 1267 1892 cornia,

349 1934 406 1992 eut
427 1948 467 1993 ea
488 1947 569 2008 quae
593 1929 719 2009 nigrant
739 1928 831 2013 nigro
854 1926 894 1992 de
917 1927 1038 1992 semine
1060 1933 1157 2009 nata3

349 2041 421 2106 nive
443 2042 541 2105 alium
564 2043 727 2124 quemvis,
744 2063 807 2125 quo
831 2049 903 2107 sunt
925 2041 1037 2106 inbuta
1060 2042 1207 2121 colore,'

275 2177 324 2225 735
350 2163 519 2241 propterea
541 2176 654 2238 gerere
677 2156 760 2219 huuc
781 2153 915 2239 credas,
932 2133 1018 2236 duod
1041 2156 1183 2222 materiai

350 2291 488 2355 corpora
509 2270 665 2335 consimili
689 2270 751 2334 sint
773 2268 843 2333 eius
865 2269 968 2334 tincta·
984 2269 1115 2335 colore:

351 2386 455 2450 nullus
477 2384 562 2448 euim
584 2383 673 2447 color
695 2388 743 2448 est
765 2384 892 2448 omnino
916 2368 1060 2449 materiai

351 2499 557 2584 corporibus,
573 2517 675 2578 neque
697 2517 756 2581 par
778 2498 874 2562 rebus
895 2517 1000 2581 neque
1022 2500 1161 2582 denique
1184 2500 1313 2586 dispar.

349 2617 383 2679 in
406 2631 489 2695 quae
511 2631 645 2695 corpora
668 2612 694 2677 si
717 2613 823 2676 nullus
844 2613 900 2677 tibi
924 2612 1006 2679 forte
1028 2613 1153 2679 videtur

277 2752 326 2797 747
349 2748 445 2813 posse
468 2727 564 2790 animi
587 2725 719 2792 iniectus
742 2727 830 2812 fieri,
847 2727 958 2813 procul
980 2727 1074 2792 avius
1097 2749 1206 2795 erras.

351 2863 425 2906 nam
448 2861 519 2905 cum
541 2841 725 2923 caecigeni,
742 2843 820 2907 solis
843 2843 896 2924 qui
918 2845 1040 2909 lumina
1062 2824 1235 2926 numquam

352 2957 541 3040 disperare,
559 2960 666 3019 tamen
688 2965 883 3037 cognoscant
905 2979 1040 3042 corpora
1062 2965 1168 3037 tactu,

278 3091 328 3137 744
352 3069 434 3134 77177
455 3068 530 3133 licet
550 3074 679 3132 nostrae
703 3089 828 3151 quoqne
850 3073 948 3136 menti
972 3092 1108 3156 corpora
1129 3090 1226 3157 posse

351 3184 432 3249 vorti
453 3184 486 3246 in
507 3183 654 3247 notitiam
676 3184 764 3247 nullo
788 3185 905 3250 circum
928 3187 985 3250 lita
1006 3186 1101 3252 1777.

353 3298 490 3379 denique
512 3317 571 3361 nos
593 3295 655 3380 ipsi
679 3296 783 3361 caecis
806 3318 887 3381 quae
910 3319 1044 3381 cumque
1066 3301 1205 3366 tenebris

351 3413 532 3493 tangimus,
549 3411 636 3474 band
658 3412 723 3475 ullo
747 3413 900 3477 sentimus
923 3416 1021 3479 tincta
1044 3416 1172 3479 colore.

354 3526 438 3607 qnod
461 3527 611 3608 quoniam
633 3526 724 3589 vinco
746 3525 835 3605 fieri,
852 3548 937 3592 nunc
952 3533 1031 3593 'esse
1054 3527 1176 3592 docebo

278 3662 328 3709 743
353 3662 392 3705 ex
414 3641 543 3705 ineunte
565 3659 644 3704 aevo
666 3639 753 3704 nullo
778 3641 945 3706 coniuncta
968 3641 1094 3706 colore.

278 3777 327 3822 747
354 3755 456 3819 omnis
479 3755 562 3819 enirn
585 3753 674 3819 color
696 3756 825 3818 omnino
846 3760 983 3818 mutatur
1005 3755 1038 3818 in
1061 3755 1184 3835 omnis3

353 3868 437 3952 quod
459 3869 564 3934 facere
587 3868 671 3931 baud
693 3868 758 3931 ullo
783 3866 1097 3951 debent'primordia
1119 3877 1234 3956 pacto.

352 3983 550 4048 immutabile
573 3981 656 4047 enim
680 3978 829 4062 quiddam
852 3999 1006 4064 superare
1028 3991 1211 4071 necessest,

358 4251 404 4298 721
432 4261 539 4308 cumque
559 4243 573 4313 ΙΙ
594 4245 735 4295 7307177177
755 4241 769 4313 Η
791 4247 841 4294 734
865 4262 912 4311 que
933 4246 946 4317 Η
968 4251 1017 4300 786
1041 4249 1142 4302 771777.
1162 4247 1176 4318 Η
1198 4252 1245 4299 741
1266 4251 1371 4300 numina
1390 4247 1404 4322 ΙΙ
1426 4255 1476 4302 742

355 4334 500 4397 Despcxere
520 4330 533 4400 Η
556 4333 604 4380 749
625 4339 650 4380 et
668 4332 766 4381 omnis.
