<?xml version="1.0" encoding="UTF-8"?>
<!DOCTYPE html PUBLIC "-//W3C//DTD XHTML 1.0 Transitional//EN"
    "http://www.w3.org/TR/xhtml1/DTD/xhtml1-transitional.dtd">
<html xmlns="http://www.w3.org/1999/xhtml" xml:lang="en" lang="en">
 <head>
  <title>
</title>
<meta http-equiv="Content-Type" content="text/html;charset=utf-8" />
  <meta name='ocr-system' content='tesseract 3.04.00' />
  <meta name='ocr-capabilities' content='ocr_page ocr_carea ocr_par ocr_line ocrx_word'/>
</head>
<body>
  <div class='ocr_page' id='page_1' title='image "./tlucreticarider19carugoog_0221.png"; bbox 0 0 3240 5010; ppageno 0'>
   <div class='ocr_carea' id='block_1_1' title="bbox 339 369 923 441">
    <p class='ocr_par' dir='ltr' id='par_1_1' title="bbox 339 369 923 441">
     <span class='ocr_line' id='line_1_1' title="bbox 339 369 923 441; baseline -0.005 -2"><span class='ocrx_word' id='word_1_1' title='bbox 339 375 401 441; x_wconf 77' lang='lat'>018</span> <span class='ocrx_word' id='word_1_2' title='bbox 878 369 923 436; x_wconf 93' lang='lat' dir='ltr'>VI</span> 
     </span>
    </p>
   </div>
   <div class='ocr_carea' id='block_1_2' title="bbox 261 542 1275 3951">
    <p class='ocr_par' dir='ltr' id='par_1_2' title="bbox 266 542 1173 970">
     <span class='ocr_line' id='line_1_2' title="bbox 266 542 1169 627; baseline -0.004 -15"><span class='ocrx_word' id='word_1_3' title='bbox 266 565 316 612; x_wconf 82' lang='lat'>375</span> <span class='ocrx_word' id='word_1_4' title='bbox 342 561 402 608; x_wconf 85' lang='lat' dir='ltr'>neo</span> <span class='ocrx_word' id='word_1_5' title='bbox 424 543 585 625; x_wconf 82' lang='lat' dir='ltr'>mirumst,</span> <span class='ocrx_word' id='word_1_6' title='bbox 602 542 634 606; x_wconf 90' lang='lat' dir='ltr'>in</span> <span class='ocrx_word' id='word_1_7' title='bbox 656 563 694 607; x_wconf 93' lang='lat' dir='ltr'>eo</span> <span class='ocrx_word' id='word_1_8' title='bbox 718 543 743 608; x_wconf 89' lang='lat' dir='ltr'>si</span> <span class='ocrx_word' id='word_1_9' title='bbox 767 551 909 626; x_wconf 86' lang='lat' dir='ltr'>tempore</span> <span class='ocrx_word' id='word_1_10' title='bbox 931 543 1068 627; x_wconf 87' lang='lat' dir='ltr'>plurima</span> <span class='ocrx_word' id='word_1_11' title='bbox 1089 544 1169 608; x_wconf 88' lang='lat' dir='ltr'>fiunt</span> 
     </span>
     <span class='ocr_line' id='line_1_3' title="bbox 337 657 1137 740; baseline 0.004 -20"><span class='ocrx_word' id='word_1_12' title='bbox 337 657 470 721; x_wconf 80' lang='lat' dir='ltr'><strong>fulmina</strong></span> <span class='ocrx_word' id='word_1_13' title='bbox 491 661 730 740; x_wconf 79' lang='lat' dir='ltr'>tempestasque</span> <span class='ocrx_word' id='word_1_14' title='bbox 753 657 853 721; x_wconf 89' lang='lat' dir='ltr'>oietur</span> <span class='ocrx_word' id='word_1_15' title='bbox 874 658 1003 722; x_wconf 86' lang='lat' dir='ltr'>turbida</span> <span class='ocrx_word' id='word_1_16' title='bbox 1024 659 1137 740; x_wconf 87' lang='lat' dir='ltr'>eaelo,</span> 
     </span>
     <span class='ocr_line' id='line_1_4' title="bbox 339 771 1118 855; baseline 0.003 -20"><span class='ocrx_word' id='word_1_17' title='bbox 339 771 470 855; x_wconf 79' lang='lat' dir='ltr'>ancipiti</span> <span class='ocrx_word' id='word_1_18' title='bbox 495 772 644 852; x_wconf 88' lang='lat' dir='ltr'>quoniam</span> <span class='ocrx_word' id='word_1_19' title='bbox 669 771 754 836; x_wconf 88' lang='lat' dir='ltr'>bello</span> <span class='ocrx_word' id='word_1_20' title='bbox 777 773 920 837; x_wconf 89' lang='lat' dir='ltr'>turbatur</span> <span class='ocrx_word' id='word_1_21' title='bbox 942 773 1118 855; x_wconf 81' lang='lat' dir='ltr'>utrimque,</span> 
     </span>
     <span class='ocr_line' id='line_1_5' title="bbox 339 884 1173 970; baseline 0.002 -22"><span class='ocrx_word' id='word_1_22' title='bbox 339 886 412 949; x_wconf 89' lang='lat' dir='ltr'>hino</span> <span class='ocrx_word' id='word_1_23' title='bbox 434 884 590 962; x_wconf 54' lang='lat' dir='ltr'>flamme,</span> <span class='ocrx_word' id='word_1_24' title='bbox 606 885 696 950; x_wconf 87' lang='lat' dir='ltr'>illino</span> <span class='ocrx_word' id='word_1_25' title='bbox 717 887 841 970; x_wconf 87' lang='lat' dir='ltr'>ventis,</span> <span class='ocrx_word' id='word_1_26' title='bbox 858 906 1032 969; x_wconf 88' lang='lat' dir='ltr'>umoreque</span> <span class='ocrx_word' id='word_1_27' title='bbox 1054 888 1173 952; x_wconf 88' lang='lat' dir='ltr'>mixto.</span> 
     </span>
    </p>

    <p class='ocr_par' dir='ltr' id='par_1_3' title="bbox 378 999 1132 1086">
     <span class='ocr_line' id='line_1_6' title="bbox 378 999 1132 1086; baseline 0.004 -23"><span class='ocrx_word' id='word_1_28' title='bbox 378 1000 447 1064; x_wconf 89' lang='lat' dir='ltr'>Hoo</span> <span class='ocrx_word' id='word_1_29' title='bbox 471 1005 520 1065; x_wconf 85' lang='lat' dir='ltr'>est</span> <span class='ocrx_word' id='word_1_30' title='bbox 541 999 670 1080; x_wconf 78' lang='lat' dir='ltr'><strong>igniferi</strong></span> <span class='ocrx_word' id='word_1_31' title='bbox 694 1005 840 1064; x_wconf 81' lang='lat' dir='ltr'>usturam</span> <span class='ocrx_word' id='word_1_32' title='bbox 864 1002 1007 1067; x_wconf 89' lang='lat' dir='ltr'>fulminis</span> <span class='ocrx_word' id='word_1_33' title='bbox 1029 1005 1132 1086; x_wconf 88' lang='lat' dir='ltr'>ipsam</span> 
     </span>
    </p>

    <p class='ocr_par' dir='ltr' id='par_1_4' title="bbox 266 1114 1258 1659">
     <span class='ocr_line' id='line_1_7' title="bbox 266 1114 1258 1198; baseline 0 -18"><span class='ocrx_word' id='word_1_34' title='bbox 266 1134 316 1181; x_wconf 85' lang='lat'>380</span> <span class='ocrx_word' id='word_1_35' title='bbox 340 1114 523 1198; x_wconf 78' lang='lat' dir='ltr'>perspicere</span> <span class='ocrx_word' id='word_1_36' title='bbox 546 1119 577 1178; x_wconf 92' lang='lat' dir='ltr'>et</span> <span class='ocrx_word' id='word_1_37' title='bbox 600 1133 664 1195; x_wconf 90' lang='lat' dir='ltr'>qua</span> <span class='ocrx_word' id='word_1_38' title='bbox 685 1115 715 1178; x_wconf 90' lang='lat' dir='ltr'>vi</span> <span class='ocrx_word' id='word_1_39' title='bbox 739 1114 835 1179; x_wconf 86' lang='lat' dir='ltr'>faeiat</span> <span class='ocrx_word' id='word_1_40' title='bbox 856 1135 924 1179; x_wconf 91' lang='lat' dir='ltr'>rem</span> <span class='ocrx_word' id='word_1_41' title='bbox 946 1135 1105 1198; x_wconf 87' lang='lat' dir='ltr'>quamque</span> <span class='ocrx_word' id='word_1_42' title='bbox 1127 1114 1258 1192; x_wconf 80' lang='lat' dir='ltr'>videre,</span> 
     </span>
     <span class='ocr_line' id='line_1_8' title="bbox 337 1230 1203 1312; baseline 0.002 -20"><span class='ocrx_word' id='word_1_43' title='bbox 337 1249 403 1293; x_wconf 94' lang='lat' dir='ltr'>non</span> <span class='ocrx_word' id='word_1_44' title='bbox 425 1230 592 1312; x_wconf 86' lang='lat' dir='ltr'>Tyrrhena</span> <span class='ocrx_word' id='word_1_45' title='bbox 612 1235 696 1293; x_wconf 89' lang='lat' dir='ltr'>retro</span> <span class='ocrx_word' id='word_1_46' title='bbox 719 1230 900 1293; x_wconf 87' lang='lat' dir='ltr'>volventem</span> <span class='ocrx_word' id='word_1_47' title='bbox 923 1230 1064 1294; x_wconf 85' lang='lat' dir='ltr'>earmina</span> <span class='ocrx_word' id='word_1_48' title='bbox 1085 1230 1203 1296; x_wconf 89' lang='lat' dir='ltr'>frustra</span> 
     </span>
     <span class='ocr_line' id='line_1_9' title="bbox 338 1342 1120 1428; baseline 0.001 -20"><span class='ocrx_word' id='word_1_49' title='bbox 338 1343 458 1408; x_wconf 82' lang='lat' dir='ltr'>indicia</span> <span class='ocrx_word' id='word_1_50' title='bbox 480 1345 625 1409; x_wconf 86' lang='lat' dir='ltr'>ooeultae</span> <span class='ocrx_word' id='word_1_51' title='bbox 649 1342 757 1410; x_wconf 87' lang='lat' dir='ltr'>divum</span> <span class='ocrx_word' id='word_1_52' title='bbox 779 1345 963 1428; x_wconf 87' lang='lat' dir='ltr'>perquirere</span> <span class='ocrx_word' id='word_1_53' title='bbox 987 1344 1120 1427; x_wconf 88' lang='lat' dir='ltr'>mentis,</span> 
     </span>
     <span class='ocr_line' id='line_1_10' title="bbox 337 1458 1184 1541; baseline 0.002 -20"><span class='ocrx_word' id='word_1_54' title='bbox 337 1458 423 1523; x_wconf 89' lang='lat' dir='ltr'>unde</span> <span class='ocrx_word' id='word_1_55' title='bbox 445 1459 559 1522; x_wconf 88' lang='lat' dir='ltr'>volans</span> <span class='ocrx_word' id='word_1_56' title='bbox 582 1458 666 1541; x_wconf 85' lang='lat' dir='ltr'>ignis</span> <span class='ocrx_word' id='word_1_57' title='bbox 689 1460 869 1540; x_wconf 89' lang='lat' dir='ltr'>pervenerit</span> <span class='ocrx_word' id='word_1_58' title='bbox 891 1459 1001 1523; x_wconf 89' lang='lat' dir='ltr'>autin</span> <span class='ocrx_word' id='word_1_59' title='bbox 1022 1468 1125 1523; x_wconf 90' lang='lat' dir='ltr'>utram</span> <span class='ocrx_word' id='word_1_60' title='bbox 1149 1479 1184 1524; x_wconf 89' lang='lat' dir='ltr'>se</span> 
     </span>
     <span class='ocr_line' id='line_1_11' title="bbox 336 1573 1226 1659; baseline 0.003 -24"><span class='ocrx_word' id='word_1_61' title='bbox 336 1574 464 1636; x_wconf 89' lang='lat' dir='ltr'>verterit</span> <span class='ocrx_word' id='word_1_62' title='bbox 487 1575 560 1638; x_wconf 90' lang='lat' dir='ltr'>hino</span> <span class='ocrx_word' id='word_1_63' title='bbox 582 1573 717 1658; x_wconf 87' lang='lat' dir='ltr'>partim,</span> <span class='ocrx_word' id='word_1_64' title='bbox 735 1594 797 1654; x_wconf 93' lang='lat' dir='ltr'>quo</span> <span class='ocrx_word' id='word_1_65' title='bbox 820 1580 915 1658; x_wconf 85' lang='lat' dir='ltr'>paeto</span> <span class='ocrx_word' id='word_1_66' title='bbox 939 1595 996 1656; x_wconf 88' lang='lat' dir='ltr'>per</span> <span class='ocrx_word' id='word_1_67' title='bbox 1017 1575 1091 1639; x_wconf 89' lang='grc'>1333</span> <span class='ocrx_word' id='word_1_68' title='bbox 1113 1581 1226 1659; x_wconf 79' lang='lat' dir='ltr'>saepta</span> 
     </span>
    </p>

    <p class='ocr_par' dir='ltr' id='par_1_5' title="bbox 262 1687 1239 2229">
     <span class='ocr_line' id='line_1_12' title="bbox 262 1687 1175 1767; baseline 0 -15"><span class='ocrx_word' id='word_1_69' title='bbox 262 1706 313 1753; x_wconf 85' lang='grc'>335</span> <span class='ocrx_word' id='word_1_70' title='bbox 338 1687 523 1762; x_wconf 85' lang='lat' dir='ltr'>insinuarit,</span> <span class='ocrx_word' id='word_1_71' title='bbox 539 1693 571 1752; x_wconf 92' lang='lat' dir='ltr'>et</span> <span class='ocrx_word' id='word_1_72' title='bbox 594 1689 667 1753; x_wconf 89' lang='lat' dir='ltr'>hine</span> <span class='ocrx_word' id='word_1_73' title='bbox 689 1687 869 1754; x_wconf 88' lang='lat' dir='ltr'>dominatus</span> <span class='ocrx_word' id='word_1_74' title='bbox 892 1695 926 1752; x_wconf 87' lang='lat' dir='ltr'>ut</span> <span class='ocrx_word' id='word_1_75' title='bbox 948 1690 1096 1754; x_wconf 86' lang='lat' dir='ltr'>extulerit</span> <span class='ocrx_word' id='word_1_76' title='bbox 1118 1709 1175 1767; x_wconf 83' lang='lat' dir='ltr'>se,</span> 
     </span>
     <span class='ocr_line' id='line_1_13' title="bbox 338 1801 1178 1882; baseline 0.002 -18"><span class='ocrx_word' id='word_1_77' title='bbox 338 1801 455 1882; x_wconf 86' lang='lat' dir='ltr'>quidve</span> <span class='ocrx_word' id='word_1_78' title='bbox 477 1821 592 1866; x_wconf 86' lang='lat' dir='ltr'>nuoere</span> <span class='ocrx_word' id='word_1_79' title='bbox 617 1809 713 1882; x_wconf 86' lang='lat' dir='ltr'>queat</span> <span class='ocrx_word' id='word_1_80' title='bbox 736 1804 777 1866; x_wconf 92' lang='lat' dir='ltr'>de</span> <span class='ocrx_word' id='word_1_81' title='bbox 799 1805 889 1867; x_wconf 89' lang='lat' dir='ltr'>eaelo</span> <span class='ocrx_word' id='word_1_82' title='bbox 913 1803 1055 1869; x_wconf 86' lang='lat' dir='ltr'>fulminis</span> <span class='ocrx_word' id='word_1_83' title='bbox 1077 1805 1178 1868; x_wconf 85' lang='lat' dir='ltr'>lotus.</span> 
     </span>
     <span class='ocr_line' id='line_1_14' title="bbox 338 1905 1106 2000; baseline 0.003 -22"><span class='ocrx_word' id='word_1_84' title='bbox 338 1915 422 1996; x_wconf 91' lang='lat' dir='ltr'>quod</span> <span class='ocrx_word' id='word_1_85' title='bbox 446 1916 471 1980; x_wconf 90' lang='lat' dir='ltr'>si</span> <span class='ocrx_word' id='word_1_86' title='bbox 495 1915 639 2000; x_wconf 88' lang='lat' dir='ltr'>Iuppiter</span> <span class='ocrx_word' id='word_1_87' title='bbox 662 1923 759 1998; x_wconf 88' lang='lat' dir='ltr'>atque</span> <span class='ocrx_word' id='word_1_88' title='bbox 782 1918 839 1981; x_wconf 87' lang='lat' dir='ltr'>alii</span> <span class='ocrx_word' id='word_1_89' title='bbox 861 1918 1019 1999; x_wconf 83' lang='lat' dir='ltr'>fulgentia</span> <span class='ocrx_word' id='word_1_90' title='bbox 1041 1905 1106 1981; x_wconf 79' lang='lat' dir='ltr'>divi</span> 
     </span>
     <span class='ocr_line' id='line_1_15' title="bbox 338 2029 1089 2116; baseline 0.001 -23"><span class='ocrx_word' id='word_1_91' title='bbox 338 2029 474 2095; x_wconf 89' lang='lat' dir='ltr'>terrifieo</span> <span class='ocrx_word' id='word_1_92' title='bbox 498 2032 644 2112; x_wconf 87' lang='lat' dir='ltr'>quatiunt</span> <span class='ocrx_word' id='word_1_93' title='bbox 667 2031 774 2096; x_wconf 85' lang='lat' dir='ltr'>sonitu</span> <span class='ocrx_word' id='word_1_94' title='bbox 793 2033 948 2097; x_wconf 79' lang='lat' dir='ltr'>caelestia</span> <span class='ocrx_word' id='word_1_95' title='bbox 969 2032 1089 2116; x_wconf 87' lang='lat' dir='ltr'>templa</span> 
     </span>
     <span class='ocr_line' id='line_1_16' title="bbox 338 2145 1239 2229; baseline 0.001 -20"><span class='ocrx_word' id='word_1_96' title='bbox 338 2151 370 2209; x_wconf 89' lang='lat' dir='ltr'>et</span> <span class='ocrx_word' id='word_1_97' title='bbox 390 2145 509 2209; x_wconf 89' lang='lat' dir='ltr'>iaeiunt</span> <span class='ocrx_word' id='word_1_98' title='bbox 530 2147 636 2228; x_wconf 86' lang='lat' dir='ltr'>ignem</span> <span class='ocrx_word' id='word_1_99' title='bbox 661 2166 723 2227; x_wconf 91' lang='lat' dir='ltr'>quo</span> <span class='ocrx_word' id='word_1_100' title='bbox 747 2148 892 2228; x_wconf 88' lang='lat' dir='ltr'>euiquest</span> <span class='ocrx_word' id='word_1_101' title='bbox 916 2165 1049 2227; x_wconf 85' lang='lat' dir='ltr'>eumque</span> <span class='ocrx_word' id='word_1_102' title='bbox 1072 2146 1239 2229; x_wconf 81' lang='lat' dir='ltr'>voluptas,</span> 
     </span>
    </p>

    <p class='ocr_par' dir='ltr' id='par_1_6' title="bbox 262 2260 1234 2803">
     <span class='ocr_line' id='line_1_17' title="bbox 262 2260 1234 2342; baseline -0.003 -15"><span class='ocrx_word' id='word_1_103' title='bbox 262 2280 312 2327; x_wconf 83' lang='lat'>300</span> <span class='ocrx_word' id='word_1_104' title='bbox 338 2280 393 2324; x_wconf 87' lang='lat' dir='ltr'>eur</span> <span class='ocrx_word' id='word_1_105' title='bbox 415 2261 530 2341; x_wconf 90' lang='lat' dir='ltr'>quibus</span> <span class='ocrx_word' id='word_1_106' title='bbox 552 2260 714 2326; x_wconf 83' lang='lat' dir='ltr'>incautum</span> <span class='ocrx_word' id='word_1_107' title='bbox 737 2261 841 2326; x_wconf 82' lang='lat' dir='ltr'>scelus</span> <span class='ocrx_word' id='word_1_108' title='bbox 864 2260 1043 2325; x_wconf 82' lang='lat' dir='ltr'>aversabile</span> <span class='ocrx_word' id='word_1_109' title='bbox 1065 2268 1234 2342; x_wconf 88' lang='lat' dir='ltr'>eumquest</span> 
     </span>
     <span class='ocr_line' id='line_1_18' title="bbox 336 2373 1130 2457; baseline 0.001 -19"><span class='ocrx_word' id='word_1_110' title='bbox 336 2395 400 2438; x_wconf 90' lang='lat' dir='ltr'>non</span> <span class='ocrx_word' id='word_1_111' title='bbox 422 2373 540 2438; x_wconf 85' lang='lat' dir='ltr'>faciunt</span> <span class='ocrx_word' id='word_1_112' title='bbox 561 2375 615 2440; x_wconf 88' lang='lat' dir='ltr'>iuti</span> <span class='ocrx_word' id='word_1_113' title='bbox 637 2375 783 2440; x_wconf 82' lang='lat' dir='ltr'>flammas</span> <span class='ocrx_word' id='word_1_114' title='bbox 804 2382 839 2440; x_wconf 92' lang='lat' dir='ltr'>ut</span> <span class='ocrx_word' id='word_1_115' title='bbox 860 2375 997 2457; x_wconf 85' lang='lat' dir='ltr'>fulguris</span> <span class='ocrx_word' id='word_1_116' title='bbox 1021 2376 1130 2440; x_wconf 85' lang='lat' dir='ltr'>halent</span> 
     </span>
     <span class='ocr_line' id='line_1_19' title="bbox 336 2489 1131 2576; baseline 0.004 -24"><span class='ocrx_word' id='word_1_117' title='bbox 336 2496 465 2572; x_wconf 89' lang='lat' dir='ltr'>peotore</span> <span class='ocrx_word' id='word_1_118' title='bbox 488 2489 629 2572; x_wconf 89' lang='lat' dir='ltr'>perlixo,</span> <span class='ocrx_word' id='word_1_119' title='bbox 647 2491 803 2556; x_wconf 89' lang='lat' dir='ltr'>dneumen</span> <span class='ocrx_word' id='word_1_120' title='bbox 827 2491 1014 2556; x_wconf 88' lang='lat' dir='ltr'>mortalibus</span> <span class='ocrx_word' id='word_1_121' title='bbox 1037 2510 1131 2576; x_wconf 81' lang='lat' dir='ltr'>aere,</span> 
     </span>
     <span class='ocr_line' id='line_1_20' title="bbox 337 2603 1081 2689; baseline 0.003 -22"><span class='ocrx_word' id='word_1_122' title='bbox 337 2610 369 2667; x_wconf 90' lang='lat' dir='ltr'>et</span> <span class='ocrx_word' id='word_1_123' title='bbox 391 2603 496 2686; x_wconf 88' lang='lat' dir='ltr'>potius</span> <span class='ocrx_word' id='word_1_124' title='bbox 517 2606 607 2668; x_wconf 90' lang='lat' dir='ltr'>nulla</span> <span class='ocrx_word' id='word_1_125' title='bbox 630 2605 691 2668; x_wconf 89' lang='lat' dir='ltr'>sibi</span> <span class='ocrx_word' id='word_1_126' title='bbox 714 2606 798 2689; x_wconf 93' lang='lat' dir='ltr'>turpi</span> <span class='ocrx_word' id='word_1_127' title='bbox 822 2605 968 2669; x_wconf 88' lang='lat' dir='ltr'>eonsoius</span> <span class='ocrx_word' id='word_1_128' title='bbox 990 2607 1023 2669; x_wconf 92' lang='lat' dir='ltr'>in</span> <span class='ocrx_word' id='word_1_129' title='bbox 1046 2625 1081 2669; x_wconf 90' lang='lat' dir='ltr'>re</span> 
     </span>
     <span class='ocr_line' id='line_1_21' title="bbox 337 2718 1126 2803; baseline 0.006 -24"><span class='ocrx_word' id='word_1_130' title='bbox 337 2718 472 2783; x_wconf 84' lang='lat' dir='ltr'>volvitur</span> <span class='ocrx_word' id='word_1_131' title='bbox 494 2719 527 2782; x_wconf 90' lang='lat' dir='ltr'>in</span> <span class='ocrx_word' id='word_1_132' title='bbox 551 2719 687 2784; x_wconf 86' lang='lat' dir='ltr'>flammis</span> <span class='ocrx_word' id='word_1_133' title='bbox 710 2721 858 2784; x_wconf 84' lang='lat' dir='ltr'>innoxius</span> <span class='ocrx_word' id='word_1_134' title='bbox 880 2720 978 2801; x_wconf 91' lang='lat' dir='ltr'>inque</span> <span class='ocrx_word' id='word_1_135' title='bbox 999 2721 1126 2803; x_wconf 88' lang='lat' dir='ltr'>peditur</span> 
     </span>
    </p>

    <p class='ocr_par' dir='ltr' id='par_1_7' title="bbox 262 2833 1275 3377">
     <span class='ocr_line' id='line_1_22' title="bbox 262 2833 1102 2928; baseline -0.001 -29"><span class='ocrx_word' id='word_1_136' title='bbox 262 2853 312 2900; x_wconf 90' lang='grc'>335</span> <span class='ocrx_word' id='word_1_137' title='bbox 338 2833 464 2898; x_wconf 89' lang='lat' dir='ltr'>turbine</span> <span class='ocrx_word' id='word_1_138' title='bbox 488 2835 617 2899; x_wconf 80' lang='lat' dir='ltr'>caelesti</span> <span class='ocrx_word' id='word_1_139' title='bbox 641 2835 745 2900; x_wconf 86' lang='lat' dir='ltr'>subito</span> <span class='ocrx_word' id='word_1_140' title='bbox 768 2843 933 2920; x_wconf 81' lang='lat' dir='ltr'>correptus</span> <span class='ocrx_word' id='word_1_141' title='bbox 956 2844 987 2899; x_wconf 87' lang='lat' dir='ltr'>et</span> <span class='ocrx_word' id='word_1_142' title='bbox 1008 2835 1102 2928; x_wconf 71' lang='lat' dir='ltr'>ignj?</span> 
     </span>
     <span class='ocr_line' id='line_1_23' title="bbox 337 2949 1235 3034; baseline -0.001 -20"><span class='ocrx_word' id='word_1_143' title='bbox 337 2970 393 3014; x_wconf 89' lang='lat' dir='ltr'>our</span> <span class='ocrx_word' id='word_1_144' title='bbox 416 2949 510 3013; x_wconf 89' lang='lat' dir='ltr'>etiam</span> <span class='ocrx_word' id='word_1_145' title='bbox 533 2949 608 3014; x_wconf 95' lang='grc'>1333</span> <span class='ocrx_word' id='word_1_146' title='bbox 630 2951 700 3014; x_wconf 84' lang='lat' dir='ltr'>sola</span> <span class='ocrx_word' id='word_1_147' title='bbox 722 2956 834 3034; x_wconf 87' lang='lat' dir='ltr'>petunt</span> <span class='ocrx_word' id='word_1_148' title='bbox 855 2949 1037 3031; x_wconf 84' lang='lat' dir='ltr'>frustraque</span> <span class='ocrx_word' id='word_1_149' title='bbox 1058 2950 1235 3014; x_wconf 82' lang='lat' dir='ltr'>laborant?</span> 
     </span>
     <span class='ocr_line' id='line_1_24' title="bbox 338 3063 1275 3145; baseline 0.002 -18"><span class='ocrx_word' id='word_1_150' title='bbox 338 3083 379 3128; x_wconf 91' lang='lat' dir='ltr'>an</span> <span class='ocrx_word' id='word_1_151' title='bbox 401 3071 467 3127; x_wconf 90' lang='lat' dir='ltr'>tum</span> <span class='ocrx_word' id='word_1_152' title='bbox 489 3063 640 3127; x_wconf 82' lang='lat' dir='ltr'>bracehiu</span> <span class='ocrx_word' id='word_1_153' title='bbox 663 3071 877 3129; x_wconf 85' lang='lat' dir='ltr'>eonsueseunt</span> <span class='ocrx_word' id='word_1_154' title='bbox 898 3064 1089 3145; x_wconf 87' lang='lat' dir='ltr'>firmantque</span> <span class='ocrx_word' id='word_1_155' title='bbox 1112 3065 1275 3129; x_wconf 83' lang='lat' dir='ltr'>lacertos?</span> 
     </span>
     <span class='ocr_line' id='line_1_25' title="bbox 335 3176 1103 3261; baseline 0.003 -21"><span class='ocrx_word' id='word_1_156' title='bbox 335 3177 368 3240; x_wconf 94' lang='lat' dir='ltr'>in</span> <span class='ocrx_word' id='word_1_157' title='bbox 391 3184 538 3259; x_wconf 91' lang='lat' dir='ltr'>terraque</span> <span class='ocrx_word' id='word_1_158' title='bbox 561 3176 662 3261; x_wconf 86' lang='lat' dir='ltr'>patris</span> <span class='ocrx_word' id='word_1_159' title='bbox 685 3195 741 3241; x_wconf 88' lang='lat' dir='ltr'>our</span> <span class='ocrx_word' id='word_1_160' title='bbox 760 3178 859 3242; x_wconf 88' lang='lat' dir='ltr'>telum</span> <span class='ocrx_word' id='word_1_161' title='bbox 882 3178 1103 3260; x_wconf 90' lang='lat' dir='ltr'>perpetiuntur</span> 
     </span>
     <span class='ocr_line' id='line_1_26' title="bbox 337 3291 1229 3377; baseline 0.001 -21"><span class='ocrx_word' id='word_1_162' title='bbox 337 3291 499 3377; x_wconf 81' lang='lat' dir='ltr'>optundi‘?</span> <span class='ocrx_word' id='word_1_163' title='bbox 515 3312 568 3356; x_wconf 88' lang='lat' dir='ltr'>eur</span> <span class='ocrx_word' id='word_1_164' title='bbox 590 3294 660 3375; x_wconf 89' lang='lat' dir='ltr'>ipse</span> <span class='ocrx_word' id='word_1_165' title='bbox 683 3292 777 3375; x_wconf 87' lang='lat' dir='ltr'>sinit,</span> <span class='ocrx_word' id='word_1_166' title='bbox 794 3311 897 3374; x_wconf 88' lang='lat' dir='ltr'>neque</span> <span class='ocrx_word' id='word_1_167' title='bbox 919 3294 1024 3377; x_wconf 88' lang='lat' dir='ltr'>pareit</span> <span class='ocrx_word' id='word_1_168' title='bbox 1045 3295 1077 3357; x_wconf 88' lang='lat' dir='ltr'>iu</span> <span class='ocrx_word' id='word_1_169' title='bbox 1101 3294 1229 3359; x_wconf 81' lang='lat' dir='ltr'>hostis?</span> 
     </span>
    </p>

    <p class='ocr_par' dir='ltr' id='par_1_8' title="bbox 261 3407 1229 3951">
     <span class='ocr_line' id='line_1_27' title="bbox 261 3407 1227 3492; baseline -0.003 -18"><span class='ocrx_word' id='word_1_170' title='bbox 261 3429 312 3475; x_wconf 84' lang='lat'>400</span> <span class='ocrx_word' id='word_1_171' title='bbox 337 3408 474 3492; x_wconf 87' lang='lat' dir='ltr'>denique</span> <span class='ocrx_word' id='word_1_172' title='bbox 498 3427 553 3472; x_wconf 88' lang='lat' dir='ltr'>eur</span> <span class='ocrx_word' id='word_1_173' title='bbox 573 3427 747 3490; x_wconf 88' lang='lat' dir='ltr'>numquam</span> <span class='ocrx_word' id='word_1_174' title='bbox 770 3407 862 3471; x_wconf 84' lang='lat' dir='ltr'>eaelo</span> <span class='ocrx_word' id='word_1_175' title='bbox 884 3409 961 3472; x_wconf 90' lang='lat' dir='ltr'>iaoit</span> <span class='ocrx_word' id='word_1_176' title='bbox 982 3408 1124 3490; x_wconf 89' lang='lat' dir='ltr'>undique</span> <span class='ocrx_word' id='word_1_177' title='bbox 1147 3428 1227 3491; x_wconf 89' lang='lat' dir='ltr'>puro</span> 
     </span>
     <span class='ocr_line' id='line_1_28' title="bbox 335 3521 1229 3607; baseline 0 -21"><span class='ocrx_word' id='word_1_178' title='bbox 335 3523 478 3606; x_wconf 87' lang='lat' dir='ltr'>Iuppiter</span> <span class='ocrx_word' id='word_1_179' title='bbox 499 3523 531 3587; x_wconf 92' lang='lat' dir='ltr'>in</span> <span class='ocrx_word' id='word_1_180' title='bbox 554 3528 658 3588; x_wconf 88' lang='lat' dir='ltr'>terras</span> <span class='ocrx_word' id='word_1_181' title='bbox 679 3522 801 3586; x_wconf 93' lang='lat' dir='ltr'>fulmen</span> <span class='ocrx_word' id='word_1_182' title='bbox 826 3522 1013 3604; x_wconf 84' lang='lat' dir='ltr'>sonitusque</span> <span class='ocrx_word' id='word_1_183' title='bbox 1035 3521 1229 3607; x_wconf 81' lang='lat' dir='ltr'>profundit?</span> 
     </span>
     <span class='ocr_line' id='line_1_29' title="bbox 336 3638 1215 3722; baseline 0 -22"><span class='ocrx_word' id='word_1_184' title='bbox 336 3657 378 3700; x_wconf 88' lang='lat' dir='ltr'>an</span> <span class='ocrx_word' id='word_1_185' title='bbox 401 3638 494 3702; x_wconf 85' lang='lat' dir='ltr'>simul</span> <span class='ocrx_word' id='word_1_186' title='bbox 518 3658 556 3702; x_wconf 87' lang='lat' dir='ltr'>ao</span> <span class='ocrx_word' id='word_1_187' title='bbox 580 3638 681 3702; x_wconf 88' lang='lat' dir='ltr'>nubes</span> <span class='ocrx_word' id='word_1_188' title='bbox 703 3638 992 3722; x_wconf 84' lang='lat' dir='ltr'>suooessere‚.ipse</span> <span class='ocrx_word' id='word_1_189' title='bbox 1015 3639 1047 3700; x_wconf 88' lang='lat' dir='ltr'>in</span> <span class='ocrx_word' id='word_1_190' title='bbox 1070 3642 1215 3701; x_wconf 89' lang='lat' dir='ltr'>eastum</span> 
     </span>
     <span class='ocr_line' id='line_1_30' title="bbox 335 3750 1207 3835; baseline 0.001 -23"><span class='ocrx_word' id='word_1_191' title='bbox 335 3750 519 3835; x_wconf 88' lang='lat' dir='ltr'>deseendit,</span> <span class='ocrx_word' id='word_1_192' title='bbox 536 3771 635 3835; x_wconf 87' lang='lat' dir='ltr'>prope</span> <span class='ocrx_word' id='word_1_193' title='bbox 657 3758 691 3816; x_wconf 87' lang='lat' dir='ltr'>ut</span> <span class='ocrx_word' id='word_1_194' title='bbox 712 3751 786 3817; x_wconf 89' lang='lat' dir='ltr'>hine</span> <span class='ocrx_word' id='word_1_195' title='bbox 807 3752 864 3816; x_wconf 85' lang='lat' dir='ltr'>teli</span> <span class='ocrx_word' id='word_1_196' title='bbox 886 3751 1076 3816; x_wconf 87' lang='lat' dir='ltr'>determinet</span> <span class='ocrx_word' id='word_1_197' title='bbox 1097 3750 1207 3816; x_wconf 82' lang='lat' dir='ltr'>lotus?</span> 
     </span>
     <span class='ocr_line' id='line_1_31' title="bbox 337 3865 1194 3951; baseline 0.001 -22"><span class='ocrx_word' id='word_1_198' title='bbox 337 3866 370 3929; x_wconf 92' lang='lat' dir='ltr'>in</span> <span class='ocrx_word' id='word_1_199' title='bbox 393 3887 482 3932; x_wconf 87' lang='lat' dir='ltr'>mare</span> <span class='ocrx_word' id='word_1_200' title='bbox 505 3888 567 3950; x_wconf 95' lang='lat' dir='ltr'>quo</span> <span class='ocrx_word' id='word_1_201' title='bbox 590 3887 686 3951; x_wconf 90' lang='lat' dir='ltr'>porro</span> <span class='ocrx_word' id='word_1_202' title='bbox 710 3866 802 3929; x_wconf 91' lang='lat' dir='ltr'>mittit</span> <span class='ocrx_word' id='word_1_203' title='bbox 824 3866 975 3931; x_wconf 77' lang='lat' dir='ltr'>ratione?</span> <span class='ocrx_word' id='word_1_204' title='bbox 992 3866 1068 3948; x_wconf 90' lang='lat' dir='ltr'>quid</span> <span class='ocrx_word' id='word_1_205' title='bbox 1090 3865 1194 3930; x_wconf 90' lang='lat' dir='ltr'>undas</span> 
     </span>
    </p>
   </div>
   <div class='ocr_carea' id='block_1_3' title="bbox 337 4049 538 4060">
    <p class='ocr_par' dir='ltr' id='par_1_9' title="bbox 337 4049 538 4060">
     <span class='ocr_line' id='line_1_32' title="bbox 337 4049 538 4060; baseline 0 -2"><span class='ocrx_word' id='word_1_206' title='bbox 337 4049 538 4060; x_wconf 77' lang='lat'>——.</span> 
     </span>
    </p>
   </div>
   <div class='ocr_carea' id='block_1_4' title="bbox 338 4164 1468 4412">
    <p class='ocr_par' dir='ltr' id='par_1_10' title="bbox 338 4164 1468 4412">
     <span class='ocr_line' id='line_1_33' title="bbox 339 4164 1468 4237; baseline -0.004 -18"><span class='ocrx_word' id='word_1_207' title='bbox 339 4172 389 4219; x_wconf 82' lang='grc'>375</span> <span class='ocrx_word' id='word_1_208' title='bbox 409 4185 453 4219; x_wconf 86' lang='lat' dir='ltr'>eos</span> <span class='ocrx_word' id='word_1_209' title='bbox 470 4179 584 4234; x_wconf 82' lang='lat' dir='ltr'>tempore</span> <span class='ocrx_word' id='word_1_210' title='bbox 609 4164 621 4236; x_wconf 79' lang='grc' dir='ltr'>Η</span> <span class='ocrx_word' id='word_1_211' title='bbox 647 4171 696 4217; x_wconf 85' lang='grc'>376</span> <span class='ocrx_word' id='word_1_212' title='bbox 717 4168 756 4218; x_wconf 84' lang='grc'>313</span> <span class='ocrx_word' id='word_1_213' title='bbox 776 4165 789 4234; x_wconf 79' lang='grc' dir='ltr'>ΙΙ</span> <span class='ocrx_word' id='word_1_214' title='bbox 810 4169 858 4217; x_wconf 90' lang='grc'>377</span> <span class='ocrx_word' id='word_1_215' title='bbox 879 4169 957 4220; x_wconf 84' lang='lat' dir='ltr'>bellio</span> <span class='ocrx_word' id='word_1_216' title='bbox 983 4166 997 4237; x_wconf 75' lang='grc' dir='ltr'>Η</span> <span class='ocrx_word' id='word_1_217' title='bbox 1022 4173 1071 4220; x_wconf 77' lang='grc'>382</span> <span class='ocrx_word' id='word_1_218' title='bbox 1091 4171 1186 4220; x_wconf 86' lang='lat' dir='ltr'>menti.</span> <span class='ocrx_word' id='word_1_219' title='bbox 1207 4165 1220 4232; x_wconf 82' lang='grc' dir='ltr'>Η</span> <span class='ocrx_word' id='word_1_220' title='bbox 1240 4169 1290 4218; x_wconf 89' lang='grc'>383</span> <span class='ocrx_word' id='word_1_221' title='bbox 1311 4175 1424 4216; x_wconf 83' lang='lat' dir='ltr'>utrame.</span> <span class='ocrx_word' id='word_1_222' title='bbox 1454 4165 1468 4232; x_wconf 86' lang='grc' dir='ltr'>Η</span> 
     </span>
     <span class='ocr_line' id='line_1_34' title="bbox 338 4251 1462 4323; baseline -0.001 -18"><span class='ocrx_word' id='word_1_223' title='bbox 338 4257 449 4306; x_wconf 74' lang='grc'>3841313</span> <span class='ocrx_word' id='word_1_224' title='bbox 470 4256 483 4323; x_wconf 73' lang='lat' dir='ltr'>ll</span> <span class='ocrx_word' id='word_1_225' title='bbox 505 4259 555 4307; x_wconf 79' lang='lat'>000</span> <span class='ocrx_word' id='word_1_226' title='bbox 574 4255 691 4306; x_wconf 85' lang='lat' dir='ltr'>eatulerit</span> <span class='ocrx_word' id='word_1_227' title='bbox 710 4252 724 4322; x_wconf 76' lang='grc' dir='ltr'>Η</span> <span class='ocrx_word' id='word_1_228' title='bbox 745 4256 795 4304; x_wconf 89' lang='grc'>386</span> <span class='ocrx_word' id='word_1_229' title='bbox 815 4255 933 4307; x_wconf 76' lang='lat' dir='ltr'>fulminea</span> <span class='ocrx_word' id='word_1_230' title='bbox 958 4253 970 4322; x_wconf 72' lang='lat' dir='ltr'>ll</span> <span class='ocrx_word' id='word_1_231' title='bbox 998 4259 1048 4306; x_wconf 88' lang='grc'>389</span> <span class='ocrx_word' id='word_1_232' title='bbox 1068 4273 1118 4321; x_wconf 87' lang='lat' dir='ltr'>quo</span> <span class='ocrx_word' id='word_1_233' title='bbox 1137 4259 1239 4320; x_wconf 84' lang='lat' dir='ltr'>inquest</span> <span class='ocrx_word' id='word_1_234' title='bbox 1257 4251 1270 4323; x_wconf 87' lang='grc' dir='ltr'>ΙΙ</span> <span class='ocrx_word' id='word_1_235' title='bbox 1291 4256 1423 4304; x_wconf 84' lang='lat' dir='ltr'>voluntas.</span> <span class='ocrx_word' id='word_1_236' title='bbox 1446 4251 1462 4322; x_wconf 81' lang='grc' dir='ltr'>Η</span> 
     </span>
     <span class='ocr_line' id='line_1_35' title="bbox 339 4340 1003 4412; baseline 0 -18"><span class='ocrx_word' id='word_1_237' title='bbox 339 4347 390 4394; x_wconf 89' lang='grc'>393</span> <span class='ocrx_word' id='word_1_238' title='bbox 409 4345 512 4396; x_wconf 84' lang='lat' dir='ltr'>concina</span> <span class='ocrx_word' id='word_1_239' title='bbox 533 4340 547 4411; x_wconf 81' lang='grc' dir='ltr'>ΙΙ</span> <span class='ocrx_word' id='word_1_240' title='bbox 567 4346 616 4392; x_wconf 85' lang='lat'>401</span> <span class='ocrx_word' id='word_1_241' title='bbox 636 4343 791 4410; x_wconf 87' lang='lat' dir='ltr'>Iuppiterrus</span> <span class='ocrx_word' id='word_1_242' title='bbox 812 4343 825 4412; x_wconf 78' lang='grc' dir='ltr'>Η</span> <span class='ocrx_word' id='word_1_243' title='bbox 845 4346 896 4394; x_wconf 81' lang='lat'>402</span> <span class='ocrx_word' id='word_1_244' title='bbox 915 4345 942 4392; x_wconf 93' lang='lat' dir='ltr'>in</span> <span class='ocrx_word' id='word_1_245' title='bbox 961 4359 1003 4394; x_wconf 85' lang='lat' dir='ltr'>aes</span> 
     </span>
    </p>
   </div>
   <div class='ocr_carea' id='block_1_5' title="bbox 0 0 1647 5010">
    <p class='ocr_par' dir='ltr' id='par_1_11' title="bbox 0 0 1647 5010">
     <span class='ocr_line' id='line_1_36' title="bbox 0 0 1647 5010; baseline 0 0"><span class='ocrx_word' id='word_1_246' title='bbox 0 0 1647 5010; x_wconf 95' lang='lat' dir='ltr'> </span> 
     </span>
    </p>
   </div>
  </div>
 </body>
</html>
