<?xml version="1.0" encoding="UTF-8"?>
<!DOCTYPE html PUBLIC "-//W3C//DTD XHTML 1.0 Transitional//EN"
    "http://www.w3.org/TR/xhtml1/DTD/xhtml1-transitional.dtd">
<html xmlns="http://www.w3.org/1999/xhtml" xml:lang="en" lang="en">
 <head>
  <title>
</title>
<meta http-equiv="Content-Type" content="text/html;charset=utf-8" />
  <meta name='ocr-system' content='tesseract 3.04.00' />
  <meta name='ocr-capabilities' content='ocr_page ocr_carea ocr_par ocr_line ocrx_word'/>
</head>
<body>
  <div class='ocr_page' id='page_1' title='image "./tlucreticarider19carugoog_0095.png"; bbox 0 0 3266 4994; ppageno 0'>
   <div class='ocr_carea' id='block_1_1' title="bbox 335 324 917 390">
    <p class='ocr_par' dir='ltr' id='par_1_1' title="bbox 335 324 917 390">
     <span class='ocr_line' id='line_1_1' title="bbox 335 324 917 390; baseline -0.007 0"><span class='ocrx_word' id='word_1_1' title='bbox 335 327 376 390; x_wconf 84' lang='grc'>92</span> <span class='ocrx_word' id='word_1_2' title='bbox 873 324 917 386; x_wconf 92' lang='grc'>111</span> 
     </span>
    </p>
   </div>
   <div class='ocr_carea' id='block_1_2' title="bbox 249 491 1306 3083">
    <p class='ocr_par' dir='ltr' id='par_1_2' title="bbox 335 491 1203 804">
     <span class='ocr_line' id='line_1_2' title="bbox 335 491 1203 575; baseline 0.006 -23"><span class='ocrx_word' id='word_1_3' title='bbox 335 491 388 572; x_wconf 94' lang='lat' dir='ltr'>qui</span> <span class='ocrx_word' id='word_1_4' title='bbox 410 491 509 556; x_wconf 90' lang='lat' dir='ltr'>nimia</span> <span class='ocrx_word' id='word_1_5' title='bbox 530 492 657 556; x_wconf 86' lang='lat' dir='ltr'>levitate</span> <span class='ocrx_word' id='word_1_6' title='bbox 680 491 796 556; x_wconf 89' lang='lat' dir='ltr'>eadunt</span> <span class='ocrx_word' id='word_1_7' title='bbox 817 492 1003 575; x_wconf 88' lang='lat' dir='ltr'>plerumque</span> <span class='ocrx_word' id='word_1_8' title='bbox 1026 493 1203 574; x_wconf 83' lang='lat' dir='ltr'>gravatim,</span> 
     </span>
     <span class='ocr_line' id='line_1_3' title="bbox 336 605 1172 688; baseline 0.007 -22"><span class='ocrx_word' id='word_1_9' title='bbox 336 623 397 668; x_wconf 90' lang='lat' dir='ltr'>nec</span> <span class='ocrx_word' id='word_1_10' title='bbox 418 605 559 688; x_wconf 88' lang='lat' dir='ltr'>repentis</span> <span class='ocrx_word' id='word_1_11' title='bbox 582 606 657 670; x_wconf 93' lang='lat' dir='ltr'>itum</span> <span class='ocrx_word' id='word_1_12' title='bbox 681 605 820 672; x_wconf 88' lang='lat' dir='ltr'>cuiusvis</span> <span class='ocrx_word' id='word_1_13' title='bbox 843 627 977 687; x_wconf 90' lang='lat' dir='ltr'>cumque</span> <span class='ocrx_word' id='word_1_14' title='bbox 1000 607 1172 672; x_wconf 87' lang='lat' dir='ltr'>animantis</span> 
     </span>
     <span class='ocr_line' id='line_1_4' title="bbox 335 719 1184 804; baseline 0.006 -23"><span class='ocrx_word' id='word_1_15' title='bbox 335 720 507 796; x_wconf 84' lang='lat' dir='ltr'>sentimus,</span> <span class='ocrx_word' id='word_1_16' title='bbox 523 740 583 785; x_wconf 88' lang='lat' dir='ltr'>nec</span> <span class='ocrx_word' id='word_1_17' title='bbox 604 722 695 804; x_wconf 89' lang='lat' dir='ltr'>priva</span> <span class='ocrx_word' id='word_1_18' title='bbox 719 719 995 804; x_wconf 83' lang='lat' dir='ltr'>pedumrestigia</span> <span class='ocrx_word' id='word_1_19' title='bbox 1018 741 1184 804; x_wconf 88' lang='lat' dir='ltr'>quaeque,</span> 
     </span>
    </p>

    <p class='ocr_par' dir='ltr' id='par_1_3' title="bbox 261 835 1249 1032">
     <span class='ocr_line' id='line_1_5' title="bbox 261 835 1249 918; baseline 0.003 -21"><span class='ocrx_word' id='word_1_20' title='bbox 261 852 311 898; x_wconf 85' lang='lat'>330</span> <span class='ocrx_word' id='word_1_21' title='bbox 336 853 468 916; x_wconf 87' lang='lat' dir='ltr'>corpore</span> <span class='ocrx_word' id='word_1_22' title='bbox 492 835 628 914; x_wconf 88' lang='lat' dir='ltr'>quaein</span> <span class='ocrx_word' id='word_1_23' title='bbox 653 841 760 900; x_wconf 89' lang='lat' dir='ltr'>nostro</span> <span class='ocrx_word' id='word_1_24' title='bbox 786 836 902 900; x_wconf 86' lang='lat' dir='ltr'>culices</span> <span class='ocrx_word' id='word_1_25' title='bbox 926 840 957 899; x_wconf 92' lang='grc'>91</span> <span class='ocrx_word' id='word_1_26' title='bbox 979 841 1086 900; x_wconf 87' lang='lat' dir='ltr'>cetera</span> <span class='ocrx_word' id='word_1_27' title='bbox 1108 842 1249 918; x_wconf 89' lang='lat' dir='ltr'>ponunt.</span> 
     </span>
     <span class='ocr_line' id='line_1_6' title="bbox 336 920 1183 1032; baseline 0.004 -23"><span class='ocrx_word' id='word_1_28' title='bbox 336 967 436 1028; x_wconf 89' lang='lat' dir='ltr'>usque</span> <span class='ocrx_word' id='word_1_29' title='bbox 459 948 541 1015; x_wconf 88' lang='lat' dir='ltr'>adeo</span> <span class='ocrx_word' id='word_1_30' title='bbox 566 949 652 1032; x_wconf 87' lang='lat' dir='ltr'>prius</span> <span class='ocrx_word' id='word_1_31' title='bbox 675 949 778 1014; x_wconf 88' lang='lat' dir='ltr'>estin</span> <span class='ocrx_word' id='word_1_32' title='bbox 802 920 894 1014; x_wconf 82' lang='lat' dir='ltr'>nobis</span> <span class='ocrx_word' id='word_1_33' title='bbox 917 949 1015 1013; x_wconf 88' lang='lat' dir='ltr'>multa</span> <span class='ocrx_word' id='word_1_34' title='bbox 1037 947 1183 1013; x_wconf 89' lang='lat' dir='ltr'>ciendum</span> 
     </span>
    </p>

    <p class='ocr_par' dir='ltr' id='par_1_4' title="bbox 261 1061 1170 1147">
     <span class='ocr_line' id='line_1_7' title="bbox 261 1061 1170 1147; baseline 0.002 -21"><span class='ocrx_word' id='word_1_35' title='bbox 261 1081 311 1126; x_wconf 87' lang='lat'>393</span> <span class='ocrx_word' id='word_1_36' title='bbox 337 1061 459 1126; x_wconf 85' lang='lat' dir='ltr'>semina</span> <span class='ocrx_word' id='word_1_37' title='bbox 482 1064 667 1147; x_wconf 80' lang='lat' dir='ltr'>corporibus</span> <span class='ocrx_word' id='word_1_38' title='bbox 690 1064 806 1128; x_wconf 89' lang='lat' dir='ltr'>nostris</span> <span class='ocrx_word' id='word_1_39' title='bbox 829 1062 962 1126; x_wconf 84' lang='lat' dir='ltr'>inmixta</span> <span class='ocrx_word' id='word_1_40' title='bbox 983 1082 1041 1146; x_wconf 93' lang='lat' dir='ltr'>per</span> <span class='ocrx_word' id='word_1_41' title='bbox 1063 1068 1170 1138; x_wconf 88' lang='lat' dir='ltr'>artus,</span> 
     </span>
    </p>

    <p class='ocr_par' dir='ltr' id='par_1_5' title="bbox 260 1175 1146 1259">
     <span class='ocr_line' id='line_1_8' title="bbox 260 1175 1146 1259; baseline 0 -20"><span class='ocrx_word' id='word_1_42' title='bbox 260 1194 310 1240; x_wconf 83' lang='grc'>399</span> <span class='ocrx_word' id='word_1_43' title='bbox 336 1194 432 1255; x_wconf 90' lang='lat' dir='ltr'>qnam</span> <span class='ocrx_word' id='word_1_44' title='bbox 455 1177 628 1259; x_wconf 87' lang='lat' dir='ltr'>primordia</span> <span class='ocrx_word' id='word_1_45' title='bbox 651 1175 826 1240; x_wconf 81' lang='lat' dir='ltr'>sentiscant</span> <span class='ocrx_word' id='word_1_46' title='bbox 848 1195 1004 1241; x_wconf 89' lang='lat' dir='ltr'>concussa</span> <span class='ocrx_word' id='word_1_47' title='bbox 1027 1176 1146 1240; x_wconf 91' lang='lat' dir='ltr'>animai</span> 
     </span>
    </p>

    <p class='ocr_par' dir='ltr' id='par_1_6' title="bbox 260 1288 1149 1488">
     <span class='ocr_line' id='line_1_9' title="bbox 260 1288 1149 1372; baseline -0.001 -19"><span class='ocrx_word' id='word_1_48' title='bbox 260 1308 310 1354; x_wconf 83' lang='grc'>394</span> <span class='ocrx_word' id='word_1_49' title='bbox 336 1295 367 1353; x_wconf 92' lang='grc'>91</span> <span class='ocrx_word' id='word_1_50' title='bbox 389 1309 484 1370; x_wconf 89' lang='lat' dir='ltr'>quam</span> <span class='ocrx_word' id='word_1_51' title='bbox 508 1291 541 1353; x_wconf 94' lang='lat' dir='ltr'>in</span> <span class='ocrx_word' id='word_1_52' title='bbox 558 1289 612 1353; x_wconf 87' lang='lat' dir='ltr'>his</span> <span class='ocrx_word' id='word_1_53' title='bbox 634 1289 811 1353; x_wconf 87' lang='lat' dir='ltr'>intervallis</span> <span class='ocrx_word' id='word_1_54' title='bbox 834 1288 1002 1353; x_wconf 82' lang='lat' dir='ltr'><strong>tuditantia</strong></span> <span class='ocrx_word' id='word_1_55' title='bbox 1023 1289 1149 1372; x_wconf 74' lang='lat' dir='ltr'>possint</span> 
     </span>
     <span class='ocr_line' id='line_1_10' title="bbox 335 1393 1082 1488; baseline 0.003 -24"><span class='ocrx_word' id='word_1_56' title='bbox 335 1422 525 1468; x_wconf 76' lang='lat' dir='ltr'>concursare</span> <span class='ocrx_word' id='word_1_57' title='bbox 548 1404 633 1468; x_wconf 89' lang='lat' dir='ltr'>coire</span> <span class='ocrx_word' id='word_1_58' title='bbox 656 1393 879 1467; x_wconf 80' lang='lat' dir='ltr'>et&#39;dissurtare</span> <span class='ocrx_word' id='word_1_59' title='bbox 900 1402 1037 1467; x_wconf 89' lang='lat' dir='ltr'>vicissim</span> <span class='ocrx_word' id='word_1_60' title='bbox 1052 1401 1082 1488; x_wconf 87' lang='lat'>.]</span> 
     </span>
    </p>

    <p class='ocr_par' dir='ltr' id='par_1_7' title="bbox 374 1515 1192 1598">
     <span class='ocr_line' id='line_1_11' title="bbox 374 1515 1192 1598; baseline 0.002 -20"><span class='ocrx_word' id='word_1_61' title='bbox 374 1516 414 1578; x_wconf 85' lang='lat' dir='ltr'>Et</span> <span class='ocrx_word' id='word_1_62' title='bbox 435 1517 540 1598; x_wconf 84' lang='lat' dir='ltr'>magis</span> <span class='ocrx_word' id='word_1_63' title='bbox 563 1523 611 1582; x_wconf 90' lang='grc'>991</span> <span class='ocrx_word' id='word_1_64' title='bbox 633 1517 758 1581; x_wconf 86' lang='lat' dir='ltr'>animus</span> <span class='ocrx_word' id='word_1_65' title='bbox 780 1516 857 1581; x_wconf 88' lang='lat' dir='ltr'>vitai</span> <span class='ocrx_word' id='word_1_66' title='bbox 881 1515 1021 1581; x_wconf 84' lang='lat' dir='ltr'>claustra</span> <span class='ocrx_word' id='word_1_67' title='bbox 1043 1523 1192 1580; x_wconf 73' lang='lat' dir='ltr'>coercens</span> 
     </span>
    </p>

    <p class='ocr_par' dir='ltr' id='par_1_8' title="bbox 335 1629 1140 1712">
     <span class='ocr_line' id='line_1_12' title="bbox 335 1629 1140 1712; baseline 0.001 -19"><span class='ocrx_word' id='word_1_68' title='bbox 335 1635 366 1693; x_wconf 91' lang='lat' dir='ltr'>et</span> <span class='ocrx_word' id='word_1_69' title='bbox 388 1629 602 1695; x_wconf 85' lang='lat' dir='ltr'>dominantior</span> <span class='ocrx_word' id='word_1_70' title='bbox 624 1632 665 1694; x_wconf 88' lang='lat' dir='ltr'>ad</span> <span class='ocrx_word' id='word_1_71' title='bbox 687 1632 786 1695; x_wconf 89' lang='lat' dir='ltr'>vitam</span> <span class='ocrx_word' id='word_1_72' title='bbox 809 1651 906 1712; x_wconf 90' lang='lat' dir='ltr'>quarn</span> <span class='ocrx_word' id='word_1_73' title='bbox 929 1630 978 1695; x_wconf 87' lang='lat' dir='ltr'>vis</span> <span class='ocrx_word' id='word_1_74' title='bbox 1001 1630 1140 1696; x_wconf 89' lang='lat' dir='ltr'>animai.</span> 
     </span>
    </p>

    <p class='ocr_par' dir='ltr' id='par_1_9' title="bbox 249 1743 1306 1941">
     <span class='ocr_line' id='line_1_13' title="bbox 249 1743 1306 1828; baseline 0.002 -22"><span class='ocrx_word' id='word_1_75' title='bbox 249 1761 257 1782; x_wconf 58' lang='lat' dir='ltr'>r</span> <span class='ocrx_word' id='word_1_76' title='bbox 336 1764 411 1806; x_wconf 88' lang='lat' dir='ltr'>nam</span> <span class='ocrx_word' id='word_1_77' title='bbox 434 1744 503 1808; x_wconf 88' lang='lat' dir='ltr'>sine</span> <span class='ocrx_word' id='word_1_78' title='bbox 525 1750 630 1807; x_wconf 89' lang='lat' dir='ltr'>mente</span> <span class='ocrx_word' id='word_1_79' title='bbox 653 1743 824 1824; x_wconf 91' lang='lat' dir='ltr'>animoque</span> <span class='ocrx_word' id='word_1_80' title='bbox 847 1745 956 1825; x_wconf 90' lang='lat' dir='ltr'>nequit</span> <span class='ocrx_word' id='word_1_81' title='bbox 977 1744 1118 1809; x_wconf 90' lang='lat' dir='ltr'>residere</span> <span class='ocrx_word' id='word_1_82' title='bbox 1140 1764 1198 1828; x_wconf 89' lang='lat' dir='ltr'>per</span> <span class='ocrx_word' id='word_1_83' title='bbox 1218 1748 1306 1808; x_wconf 89' lang='lat' dir='ltr'>artus</span> 
     </span>
     <span class='ocr_line' id='line_1_14' title="bbox 334 1856 1152 1941; baseline 0.004 -22"><span class='ocrx_word' id='word_1_84' title='bbox 334 1859 487 1941; x_wconf 85' lang='lat' dir='ltr'>temporis</span> <span class='ocrx_word' id='word_1_85' title='bbox 510 1858 658 1941; x_wconf 82' lang='lat' dir='ltr'>exiguam</span> <span class='ocrx_word' id='word_1_86' title='bbox 681 1863 803 1939; x_wconf 87' lang='lat' dir='ltr'>partem</span> <span class='ocrx_word' id='word_1_87' title='bbox 825 1877 901 1940; x_wconf 91' lang='lat' dir='ltr'>pars</span> <span class='ocrx_word' id='word_1_88' title='bbox 923 1856 989 1920; x_wconf 91' lang='lat' dir='ltr'>ulla</span> <span class='ocrx_word' id='word_1_89' title='bbox 1013 1859 1152 1941; x_wconf 87' lang='lat' dir='ltr'>animai,</span> 
     </span>
    </p>

    <p class='ocr_par' dir='ltr' id='par_1_10' title="bbox 259 1969 1301 2509">
     <span class='ocr_line' id='line_1_15' title="bbox 259 1969 1222 2053; baseline 0.001 -18"><span class='ocrx_word' id='word_1_90' title='bbox 259 1991 310 2036; x_wconf 72' lang='lat' dir='ltr'>roo</span> <span class='ocrx_word' id='word_1_91' title='bbox 335 1971 393 2035; x_wconf 89' lang='lat' dir='ltr'>sed</span> <span class='ocrx_word' id='word_1_92' title='bbox 416 1992 523 2036; x_wconf 85' lang='lat' dir='ltr'>comes</span> <span class='ocrx_word' id='word_1_93' title='bbox 546 1971 723 2053; x_wconf 84' lang='lat' dir='ltr'>insequitur</span> <span class='ocrx_word' id='word_1_94' title='bbox 743 1969 839 2035; x_wconf 89' lang='lat' dir='ltr'>facile</span> <span class='ocrx_word' id='word_1_95' title='bbox 863 1977 894 2034; x_wconf 97' lang='grc'>91</span> <span class='ocrx_word' id='word_1_96' title='bbox 915 1970 1051 2036; x_wconf 87' lang='lat' dir='ltr'>discedit</span> <span class='ocrx_word' id='word_1_97' title='bbox 1070 1972 1103 2035; x_wconf 96' lang='lat' dir='ltr'>in</span> <span class='ocrx_word' id='word_1_98' title='bbox 1127 1991 1222 2036; x_wconf 87' lang='lat' dir='ltr'>auras</span> 
     </span>
     <span class='ocr_line' id='line_1_16' title="bbox 335 2083 1047 2168; baseline -0.003 -19"><span class='ocrx_word' id='word_1_99' title='bbox 335 2091 367 2149; x_wconf 89' lang='lat' dir='ltr'>et</span> <span class='ocrx_word' id='word_1_100' title='bbox 389 2085 513 2166; x_wconf 85' lang='lat' dir='ltr'>gelidos</span> <span class='ocrx_word' id='word_1_101' title='bbox 536 2091 622 2148; x_wconf 87' lang='lat' dir='ltr'>artus</span> <span class='ocrx_word' id='word_1_102' title='bbox 643 2086 675 2147; x_wconf 94' lang='lat' dir='ltr'>in</span> <span class='ocrx_word' id='word_1_103' title='bbox 699 2084 754 2148; x_wconf 90' lang='lat' dir='ltr'>leti</span> <span class='ocrx_word' id='word_1_104' title='bbox 775 2083 894 2168; x_wconf 88' lang='lat' dir='ltr'>frigore</span> <span class='ocrx_word' id='word_1_105' title='bbox 914 2084 1047 2164; x_wconf 90' lang='lat' dir='ltr'>linquit.</span> 
     </span>
     <span class='ocr_line' id='line_1_17' title="bbox 336 2197 1231 2279; baseline 0.001 -17"><span class='ocrx_word' id='word_1_106' title='bbox 336 2206 368 2262; x_wconf 89' lang='lat' dir='ltr'>at</span> <span class='ocrx_word' id='word_1_107' title='bbox 390 2204 498 2262; x_wconf 88' lang='lat' dir='ltr'>manet</span> <span class='ocrx_word' id='word_1_108' title='bbox 519 2199 551 2261; x_wconf 93' lang='grc'>19</span> <span class='ocrx_word' id='word_1_109' title='bbox 576 2198 640 2261; x_wconf 87' lang='grc'><strong>9119</strong></span> <span class='ocrx_word' id='word_1_110' title='bbox 663 2197 712 2261; x_wconf 92' lang='lat' dir='ltr'>oni</span> <span class='ocrx_word' id='word_1_111' title='bbox 734 2217 824 2262; x_wconf 88' lang='lat' dir='ltr'>mens</span> <span class='ocrx_word' id='word_1_112' title='bbox 848 2199 1036 2279; x_wconf 90' lang='lat' dir='ltr'>animusque</span> <span class='ocrx_word' id='word_1_113' title='bbox 1061 2199 1231 2264; x_wconf 87' lang='lat' dir='ltr'>remansit.</span> 
     </span>
     <span class='ocr_line' id='line_1_18' title="bbox 336 2311 1263 2395; baseline 0.002 -19"><span class='ocrx_word' id='word_1_114' title='bbox 336 2312 481 2394; x_wconf 89' lang='lat' dir='ltr'>quamvis</span> <span class='ocrx_word' id='word_1_115' title='bbox 505 2317 552 2375; x_wconf 88' lang='lat' dir='ltr'>est</span> <span class='ocrx_word' id='word_1_116' title='bbox 574 2311 689 2375; x_wconf 90' lang='lat' dir='ltr'>circum</span> <span class='ocrx_word' id='word_1_117' title='bbox 714 2313 819 2376; x_wconf 87' lang='lat' dir='ltr'>caesis</span> <span class='ocrx_word' id='word_1_118' title='bbox 841 2312 929 2377; x_wconf 90' lang='lat' dir='ltr'>lacer</span> <span class='ocrx_word' id='word_1_119' title='bbox 951 2313 1090 2395; x_wconf 90' lang='lat' dir='ltr'>undique</span> <span class='ocrx_word' id='word_1_120' title='bbox 1114 2314 1263 2378; x_wconf 87' lang='lat' dir='ltr'>membris</span> 
     </span>
     <span class='ocr_line' id='line_1_19' title="bbox 335 2424 1301 2509; baseline 0.001 -18"><span class='ocrx_word' id='word_1_121' title='bbox 335 2434 483 2504; x_wconf 85' lang='lat' dir='ltr'>truncus,</span> <span class='ocrx_word' id='word_1_122' title='bbox 500 2424 651 2509; x_wconf 87' lang='lat' dir='ltr'>adempta</span> <span class='ocrx_word' id='word_1_123' title='bbox 674 2426 781 2490; x_wconf 88' lang='lat' dir='ltr'>anima</span> <span class='ocrx_word' id='word_1_124' title='bbox 804 2427 918 2491; x_wconf 86' lang='lat' dir='ltr'>circum</span> <span class='ocrx_word' id='word_1_125' title='bbox 942 2428 1157 2509; x_wconf 88' lang='lat' dir='ltr'>membrisque</span> <span class='ocrx_word' id='word_1_126' title='bbox 1180 2434 1301 2492; x_wconf 85' lang='lat' dir='ltr'>remota</span> 
     </span>
    </p>

    <p class='ocr_par' dir='ltr' id='par_1_11' title="bbox 260 2540 1150 3083">
     <span class='ocr_line' id='line_1_20' title="bbox 260 2540 1016 2624; baseline 0 -18"><span class='ocrx_word' id='word_1_127' title='bbox 260 2563 309 2608; x_wconf 77' lang='lat' dir='ltr'>roo</span> <span class='ocrx_word' id='word_1_128' title='bbox 335 2543 411 2606; x_wconf 91' lang='grc'><strong>91911</strong></span> <span class='ocrx_word' id='word_1_129' title='bbox 434 2548 465 2606; x_wconf 91' lang='grc'>91</span> <span class='ocrx_word' id='word_1_130' title='bbox 487 2540 593 2604; x_wconf 74' lang='lat' dir='ltr'>aerias</span> <span class='ocrx_word' id='word_1_131' title='bbox 615 2541 721 2606; x_wconf 86' lang='lat' dir='ltr'>vitalis</span> <span class='ocrx_word' id='word_1_132' title='bbox 744 2543 874 2624; x_wconf 87' lang='lat' dir='ltr'>suscipit</span> <span class='ocrx_word' id='word_1_133' title='bbox 897 2563 1016 2606; x_wconf 89' lang='lat' dir='ltr'>auras:</span> 
     </span>
     <span class='ocr_line' id='line_1_21' title="bbox 336 2655 1134 2740; baseline -0.001 -20"><span class='ocrx_word' id='word_1_134' title='bbox 336 2655 362 2720; x_wconf 89' lang='lat' dir='ltr'>si</span> <span class='ocrx_word' id='word_1_135' title='bbox 386 2677 450 2719; x_wconf 91' lang='lat' dir='ltr'>non</span> <span class='ocrx_word' id='word_1_136' title='bbox 476 2655 687 2738; x_wconf 88' lang='lat' dir='ltr'>omnimodis,</span> <span class='ocrx_word' id='word_1_137' title='bbox 704 2662 738 2720; x_wconf 94' lang='grc'>91</span> <span class='ocrx_word' id='word_1_138' title='bbox 762 2677 878 2740; x_wconf 85' lang='lat' dir='ltr'>magna</span> <span class='ocrx_word' id='word_1_139' title='bbox 901 2662 991 2740; x_wconf 89' lang='lat' dir='ltr'>parte</span> <span class='ocrx_word' id='word_1_140' title='bbox 1015 2655 1134 2721; x_wconf 88' lang='lat' dir='ltr'>animai</span> 
     </span>
     <span class='ocr_line' id='line_1_22' title="bbox 335 2770 1150 2854; baseline 0.002 -22"><span class='ocrx_word' id='word_1_141' title='bbox 335 2770 497 2854; x_wconf 87' lang='lat' dir='ltr'>privatus,</span> <span class='ocrx_word' id='word_1_142' title='bbox 514 2776 619 2834; x_wconf 89' lang='lat' dir='ltr'>tamen</span> <span class='ocrx_word' id='word_1_143' title='bbox 642 2770 674 2834; x_wconf 95' lang='lat' dir='ltr'>in</span> <span class='ocrx_word' id='word_1_144' title='bbox 697 2772 762 2835; x_wconf 89' lang='grc'><strong>9119</strong></span> <span class='ocrx_word' id='word_1_145' title='bbox 784 2778 945 2836; x_wconf 86' lang='lat' dir='ltr'>cunctatur</span> <span class='ocrx_word' id='word_1_146' title='bbox 969 2778 1000 2835; x_wconf 91' lang='grc'>91</span> <span class='ocrx_word' id='word_1_147' title='bbox 1020 2771 1150 2848; x_wconf 88' lang='lat' dir='ltr'>haeret;</span> 
     </span>
     <span class='ocr_line' id='line_1_23' title="bbox 335 2884 1133 2969; baseline 0.001 -22"><span class='ocrx_word' id='word_1_148' title='bbox 335 2890 388 2964; x_wconf 89' lang='lat' dir='ltr'>ut,</span> <span class='ocrx_word' id='word_1_149' title='bbox 405 2885 545 2949; x_wconf 87' lang='lat' dir='ltr'>lacerato</span> <span class='ocrx_word' id='word_1_150' title='bbox 570 2885 661 2948; x_wconf 89' lang='lat' dir='ltr'>oculo</span> <span class='ocrx_word' id='word_1_151' title='bbox 685 2885 803 2948; x_wconf 89' lang='lat' dir='ltr'>circum</span> <span class='ocrx_word' id='word_1_152' title='bbox 826 2884 852 2949; x_wconf 91' lang='lat' dir='ltr'>si</span> <span class='ocrx_word' id='word_1_153' title='bbox 876 2886 994 2969; x_wconf 87' lang='lat' dir='ltr'>pupula</span> <span class='ocrx_word' id='word_1_154' title='bbox 1016 2884 1133 2949; x_wconf 90' lang='lat' dir='ltr'>mansit</span> 
     </span>
     <span class='ocr_line' id='line_1_24' title="bbox 334 2998 1092 3083; baseline 0.004 -22"><span class='ocrx_word' id='word_1_155' title='bbox 334 2998 522 3080; x_wconf 78' lang='lat' dir='ltr'>incolumis,</span> <span class='ocrx_word' id='word_1_156' title='bbox 539 3005 603 3063; x_wconf 86' lang='grc'><strong>9191</strong></span> <span class='ocrx_word' id='word_1_157' title='bbox 625 2998 775 3062; x_wconf 85' lang='lat' dir='ltr'>cernundi</span> <span class='ocrx_word' id='word_1_158' title='bbox 798 2999 905 3063; x_wconf 87' lang='lat' dir='ltr'>vivata</span> <span class='ocrx_word' id='word_1_159' title='bbox 928 3005 1092 3083; x_wconf 80' lang='lat' dir='ltr'>potestaS‚</span> 
     </span>
    </p>
   </div>
   <div class='ocr_carea' id='block_1_3' title="bbox 260 3112 1323 3768">
    <p class='ocr_par' dir='ltr' id='par_1_12' title="bbox 260 3112 1323 3768">
     <span class='ocr_line' id='line_1_25' title="bbox 260 3112 1224 3197; baseline -0.003 -17"><span class='ocrx_word' id='word_1_160' title='bbox 260 3134 311 3180; x_wconf 77' lang='lat' dir='ltr'>rro</span> <span class='ocrx_word' id='word_1_161' title='bbox 336 3113 409 3176; x_wconf 92' lang='lat' dir='ltr'>dum</span> <span class='ocrx_word' id='word_1_162' title='bbox 433 3112 528 3176; x_wconf 91' lang='lat' dir='ltr'>modo</span> <span class='ocrx_word' id='word_1_163' title='bbox 552 3133 594 3176; x_wconf 92' lang='grc'>99</span> <span class='ocrx_word' id='word_1_164' title='bbox 617 3118 714 3174; x_wconf 85' lang='lat' dir='ltr'>totum</span> <span class='ocrx_word' id='word_1_165' title='bbox 737 3132 922 3196; x_wconf 86' lang='lat' dir='ltr'>corrumpas</span> <span class='ocrx_word' id='word_1_166' title='bbox 944 3113 1073 3180; x_wconf 89' lang='lat' dir='ltr'>luminis</span> <span class='ocrx_word' id='word_1_167' title='bbox 1096 3114 1224 3197; x_wconf 88' lang='lat' dir='ltr'>orbern,</span> 
     </span>
     <span class='ocr_line' id='line_1_26' title="bbox 336 3225 1162 3311; baseline 0.001 -21"><span class='ocrx_word' id='word_1_168' title='bbox 336 3233 367 3290; x_wconf 90' lang='grc'>91</span> <span class='ocrx_word' id='word_1_169' title='bbox 389 3226 503 3290; x_wconf 86' lang='lat' dir='ltr'>circum</span> <span class='ocrx_word' id='word_1_170' title='bbox 527 3226 644 3289; x_wconf 88' lang='lat' dir='ltr'>caedas</span> <span class='ocrx_word' id='word_1_171' title='bbox 666 3225 767 3290; x_wconf 87' lang='lat' dir='ltr'>aciem</span> <span class='ocrx_word' id='word_1_172' title='bbox 790 3228 958 3309; x_wconf 91' lang='lat' dir='ltr'>solamque</span> <span class='ocrx_word' id='word_1_173' title='bbox 981 3230 1162 3311; x_wconf 89' lang='lat' dir='ltr'>relinquas:</span> 
     </span>
     <span class='ocr_line' id='line_1_27' title="bbox 260 3341 1202 3426; baseline -0.005 -17"><span class='ocrx_word' id='word_1_174' title='bbox 260 3363 310 3409; x_wconf 76' lang='lat'>413</span> <span class='ocrx_word' id='word_1_175' title='bbox 336 3346 370 3404; x_wconf 90' lang='lat' dir='ltr'>at</span> <span class='ocrx_word' id='word_1_176' title='bbox 393 3341 420 3404; x_wconf 88' lang='lat' dir='ltr'>si</span> <span class='ocrx_word' id='word_1_177' title='bbox 443 3341 566 3403; x_wconf 88' lang='lat' dir='ltr'>tantula</span> <span class='ocrx_word' id='word_1_178' title='bbox 589 3360 663 3424; x_wconf 91' lang='lat' dir='ltr'>pars</span> <span class='ocrx_word' id='word_1_179' title='bbox 687 3341 769 3406; x_wconf 91' lang='lat' dir='ltr'>oculi</span> <span class='ocrx_word' id='word_1_180' title='bbox 791 3343 898 3408; x_wconf 90' lang='lat' dir='ltr'>media</span> <span class='ocrx_word' id='word_1_181' title='bbox 921 3343 977 3407; x_wconf 91' lang='lat' dir='ltr'>illa</span> <span class='ocrx_word' id='word_1_182' title='bbox 998 3364 1112 3426; x_wconf 85' lang='lat' dir='ltr'>peresa</span> <span class='ocrx_word' id='word_1_183' title='bbox 1134 3347 1202 3423; x_wconf 90' lang='lat' dir='ltr'>est,</span> 
     </span>
     <span class='ocr_line' id='line_1_28' title="bbox 336 3453 1191 3540; baseline -0.002 -22"><span class='ocrx_word' id='word_1_184' title='bbox 336 3453 451 3519; x_wconf 90' lang='lat' dir='ltr'>occidit</span> <span class='ocrx_word' id='word_1_185' title='bbox 474 3455 633 3537; x_wconf 86' lang='lat' dir='ltr'>extemplo</span> <span class='ocrx_word' id='word_1_186' title='bbox 656 3457 763 3521; x_wconf 91' lang='lat' dir='ltr'>lnmen</span> <span class='ocrx_word' id='word_1_187' title='bbox 786 3460 1000 3540; x_wconf 88' lang='lat' dir='ltr'>tenebraeque</span> <span class='ocrx_word' id='word_1_188' title='bbox 1022 3460 1191 3522; x_wconf 87' lang='lat' dir='ltr'>secuntur.</span> 
     </span>
     <span class='ocr_line' id='line_1_29' title="bbox 262 3567 1323 3653; baseline -0.006 -15"><span class='ocrx_word' id='word_1_189' title='bbox 262 3591 312 3638; x_wconf 81' lang='grc'>499</span> <span class='ocrx_word' id='word_1_190' title='bbox 336 3569 398 3633; x_wconf 92' lang='lat' dir='ltr'>hoc</span> <span class='ocrx_word' id='word_1_191' title='bbox 420 3567 530 3632; x_wconf 88' lang='lat' dir='ltr'>anima</span> <span class='ocrx_word' id='word_1_192' title='bbox 550 3573 646 3650; x_wconf 86' lang='lat' dir='ltr'>atque</span> <span class='ocrx_word' id='word_1_193' title='bbox 669 3571 793 3636; x_wconf 92' lang='lat' dir='ltr'>animus</span> <span class='ocrx_word' id='word_1_194' title='bbox 816 3573 911 3638; x_wconf 87' lang='lat' dir='ltr'>vineti</span> <span class='ocrx_word' id='word_1_195' title='bbox 934 3577 1006 3636; x_wconf 88' lang='lat' dir='ltr'>sunt</span> <span class='ocrx_word' id='word_1_196' title='bbox 1027 3570 1156 3634; x_wconf 88' lang='lat' dir='ltr'>foedere</span> <span class='ocrx_word' id='word_1_197' title='bbox 1179 3589 1323 3653; x_wconf 87' lang='lat' dir='ltr'>semper.</span> 
     </span>
     <span class='ocr_line' id='line_1_30' title="bbox 375 3683 1171 3768; baseline 0.004 -23"><span class='ocrx_word' id='word_1_198' title='bbox 375 3685 466 3746; x_wconf 90' lang='lat' dir='ltr'>Nunc</span> <span class='ocrx_word' id='word_1_199' title='bbox 489 3703 570 3768; x_wconf 81' lang='lat' dir='ltr'>age,</span> <span class='ocrx_word' id='word_1_200' title='bbox 586 3684 713 3749; x_wconf 87' lang='lat' dir='ltr'>nativos</span> <span class='ocrx_word' id='word_1_201' title='bbox 736 3686 951 3750; x_wconf 92' lang='lat' dir='ltr'>animantibus</span> <span class='ocrx_word' id='word_1_202' title='bbox 974 3692 1006 3750; x_wconf 91' lang='grc'>91</span> <span class='ocrx_word' id='word_1_203' title='bbox 1027 3683 1171 3748; x_wconf 82' lang='grc'><strong>99919119</strong></span> 
     </span>
    </p>
   </div>
   <div class='ocr_carea' id='block_1_4' title="bbox 339 4011 1460 4327">
    <p class='ocr_par' dir='ltr' id='par_1_13' title="bbox 339 4011 1460 4327">
     <span class='ocr_line' id='line_1_31' title="bbox 340 4011 1459 4083; baseline -0.001 -20"><span class='ocrx_word' id='word_1_204' title='bbox 340 4017 388 4063; x_wconf 89' lang='grc'>391</span> <span class='ocrx_word' id='word_1_205' title='bbox 410 4015 516 4064; x_wconf 88' lang='lat' dir='ltr'>ciendo.</span> <span class='ocrx_word' id='word_1_206' title='bbox 541 4012 554 4082; x_wconf 82' lang='grc' dir='ltr'>Η</span> <span class='ocrx_word' id='word_1_207' title='bbox 581 4019 631 4064; x_wconf 87' lang='grc'>394</span> <span class='ocrx_word' id='word_1_208' title='bbox 651 4015 683 4062; x_wconf 88' lang='lat' dir='ltr'>Et</span> <span class='ocrx_word' id='word_1_209' title='bbox 701 4015 801 4076; x_wconf 86' lang='lat' dir='ltr'>quantis</span> <span class='ocrx_word' id='word_1_210' title='bbox 827 4011 841 4082; x_wconf 77' lang='grc' dir='ltr'>Η</span> <span class='ocrx_word' id='word_1_211' title='bbox 866 4016 916 4062; x_wconf 89' lang='grc'>399</span> <span class='ocrx_word' id='word_1_212' title='bbox 935 4014 1048 4076; x_wconf 86' lang='lat' dir='ltr'>exigiam</span> <span class='ocrx_word' id='word_1_213' title='bbox 1074 4012 1086 4082; x_wconf 75' lang='grc' dir='ltr'><em>Η</em></span> <span class='ocrx_word' id='word_1_214' title='bbox 1112 4018 1196 4066; x_wconf 87' lang='grc'><strong>4009</strong></span> <span class='ocrx_word' id='word_1_215' title='bbox 1221 4012 1235 4083; x_wconf 76' lang='grc' dir='ltr'>Η</span> <span class='ocrx_word' id='word_1_216' title='bbox 1257 4017 1308 4064; x_wconf 88' lang='grc'>493</span> <span class='ocrx_word' id='word_1_217' title='bbox 1328 4023 1423 4064; x_wconf 85' lang='lat' dir='ltr'>cretum</span> <span class='ocrx_word' id='word_1_218' title='bbox 1445 4013 1459 4080; x_wconf 75' lang='grc'>11</span> 
     </span>
     <span class='ocr_line' id='line_1_32' title="bbox 339 4097 1460 4167; baseline 0.004 -19"><span class='ocrx_word' id='word_1_219' title='bbox 339 4103 391 4149; x_wconf 90' lang='grc'>494</span> <span class='ocrx_word' id='word_1_220' title='bbox 409 4111 506 4150; x_wconf 90' lang='lat' dir='ltr'>remot.</span> <span class='ocrx_word' id='word_1_221' title='bbox 527 4098 540 4167; x_wconf 79' lang='grc' dir='ltr'>Η</span> <span class='ocrx_word' id='word_1_222' title='bbox 564 4104 614 4150; x_wconf 83' lang='grc'>493</span> <span class='ocrx_word' id='word_1_223' title='bbox 634 4100 758 4149; x_wconf 82' lang='lat' dir='ltr'>aetherias</span> <span class='ocrx_word' id='word_1_224' title='bbox 782 4097 795 4165; x_wconf 72' lang='lat' dir='ltr'>ll</span> <span class='ocrx_word' id='word_1_225' title='bbox 820 4101 919 4148; x_wconf 81' lang='lat' dir='ltr'>4121d</span> <span class='ocrx_word' id='word_1_226' title='bbox 939 4117 1039 4163; x_wconf 88' lang='lat' dir='ltr'>quoque</span> <span class='ocrx_word' id='word_1_227' title='bbox 1058 4102 1124 4151; x_wconf 87' lang='lat' dir='ltr'>enim</span> <span class='ocrx_word' id='word_1_228' title='bbox 1143 4102 1197 4150; x_wconf 88' lang='grc'><strong>9199</strong></span> <span class='ocrx_word' id='word_1_229' title='bbox 1214 4102 1327 4164; x_wconf 84' lang='lat' dir='ltr'>pernicie</span> <span class='ocrx_word' id='word_1_230' title='bbox 1345 4118 1397 4151; x_wconf 89' lang='lat' dir='ltr'>non</span> <span class='ocrx_word' id='word_1_231' title='bbox 1416 4103 1460 4152; x_wconf 80' lang='lat' dir='ltr'>liet</span> 
     </span>
     <span class='ocr_line' id='line_1_33' title="bbox 340 4180 1459 4255; baseline 0.002 -18"><span class='ocrx_word' id='word_1_232' title='bbox 340 4204 443 4237; x_wconf 87' lang='lat' dir='ltr'>eorum.</span> <span class='ocrx_word' id='word_1_233' title='bbox 474 4185 486 4254; x_wconf 73' lang='lat' dir='ltr'>ll</span> <span class='ocrx_word' id='word_1_234' title='bbox 516 4190 566 4238; x_wconf 80' lang='grc'>415</span> <span class='ocrx_word' id='word_1_235' title='bbox 590 4187 728 4238; x_wconf 88' lang='lat' dir='ltr'>Incolumis</span> <span class='ocrx_word' id='word_1_236' title='bbox 747 4180 860 4250; x_wconf 80' lang='lat' dir='ltr'>quamvis</span> <span class='ocrx_word' id='word_1_237' title='bbox 879 4189 976 4253; x_wconf 88' lang='lat' dir='ltr'>alioqui</span> <span class='ocrx_word' id='word_1_238' title='bbox 994 4190 1139 4255; x_wconf 83' lang='lat' dir='ltr'>splendidus</span> <span class='ocrx_word' id='word_1_239' title='bbox 1162 4188 1246 4238; x_wconf 86' lang='lat' dir='ltr'>orbis.</span> <span class='ocrx_word' id='word_1_240' title='bbox 1276 4187 1288 4254; x_wconf 74' lang='lat' dir='ltr'>ll</span> <span class='ocrx_word' id='word_1_241' title='bbox 1318 4191 1368 4238; x_wconf 74' lang='grc'><strong>411·</strong></span> <span class='ocrx_word' id='word_1_242' title='bbox 1392 4204 1459 4240; x_wconf 87' lang='lat' dir='ltr'>mor·</span> 
     </span>
     <span class='ocr_line' id='line_1_34' title="bbox 341 4277 450 4327; baseline -0.028 0"><span class='ocrx_word' id='word_1_243' title='bbox 341 4277 450 4327; x_wconf 85' lang='lat' dir='ltr'>talibus.</span> 
     </span>
    </p>
   </div>
   <div class='ocr_carea' id='block_1_5' title="bbox 0 0 1638 4994">
    <p class='ocr_par' dir='ltr' id='par_1_14' title="bbox 0 0 1638 4994">
     <span class='ocr_line' id='line_1_35' title="bbox 0 0 1638 4994; baseline 0 0"><span class='ocrx_word' id='word_1_244' title='bbox 0 0 1638 4994; x_wconf 95' lang='lat' dir='ltr'> </span> 
     </span>
    </p>
   </div>
  </div>
 </body>
</html>
