3240 5010
678 401 705 465 V
1198 405 1258 470 195

169 572 264 637 Nunc
287 589 370 653 quae
393 591 494 636 causa
516 569 610 637 deum
632 591 689 656 per
711 591 847 654 magnas
870 571 1002 635 numina
1023 572 1129 656 gentis

131 686 332 770 pervulgarit
357 691 389 752 et
411 705 536 750 ararum
560 685 768 770 compleverit
789 685 877 750 urbis

130 800 402 886 suscipiendaque
425 801 543 866 curarit
565 799 736 867 sollemnia
759 820 870 884 sacra,

132 935 218 998 quae
239 936 324 982 nunc
345 915 378 982 in
402 916 530 998 magnis
550 915 665 982 florent
687 933 781 980 sacra
804 915 890 979 rebu’
913 914 1076 994 locisque,

57 1030 220 1098 necunde
243 1032 337 1096 etiam
360 1051 444 1095 nunc
466 1036 514 1097 est
537 1031 723 1096 mortalibus
746 1029 859 1095 insitus
882 1029 1014 1113 horror,

132 1147 188 1227 qui
210 1145 347 1212 delubra
370 1147 464 1211 deum
488 1165 573 1212 nova
595 1151 661 1212 toto
685 1145 818 1211 suscitat
840 1145 908 1210 orbi

130 1268 287 1327 terrarum
311 1266 343 1326 11
364 1261 455 1334 festis
478 1263 565 1344 cogit
587 1261 750 1327 celebrare
774 1260 907 1345 dicbus,

130 1397 198 1442 non
220 1377 267 1443 ita
288 1376 448 1444 difficilest
469 1377 625 1444 rationem
648 1375 784 1443 reddere
804 1371 929 1441 verbis.

131 1493 253 1578 quippe
276 1494 393 1559 etenim
414 1494 480 1559 iam
502 1499 566 1557 tum
590 1491 695 1559 divom
720 1491 869 1556 mortalia
892 1493 1003 1557 saecla

57 1627 117 1673 1110
133 1608 283 1693 egregias
306 1610 412 1674 animo
436 1607 538 1674 facies
559 1607 714 1690 vigilante
735 1607 907 1692 videbant,

132 1731 164 1789 et
184 1724 290 1804 magis
311 1723 345 1787 in
368 1723 487 1789 somnis
510 1723 656 1788 mirando
680 1722 823 1806 corporis
846 1727 963 1787 auctu.

133 1840 184 1904 bis
207 1837 302 1923 igitur
323 1858 452 1904 sensum
474 1838 656 1903 tribuebant
679 1844 851 1922 propterea
874 1836 959 1919 quod

132 1953 278 2019 membra
299 1973 429 2020 movere
451 1953 642 2018 videbantur
663 1971 823 2034 vocesque
846 1953 1003 2037 superbas

131 2069 260 2134 mittere
282 2089 340 2154 pro
363 2068 447 2135 facie
469 2071 638 2154 praeclara
660 2075 692 2134 et
713 2068 836 2134 viribus
860 2068 997 2151 amplis.

65 2200 118 2250 1111
133 2190 363 2267 aeternamque
386 2183 507 2248 dabant
528 2185 648 2259 vitam,
665 2184 742 2265 quia
765 2203 892 2268 semper
914 2203 1023 2249 eorum

135 2299 401 2384 subpeditabatur
423 2299 524 2364 facies
547 2304 578 2363 et
600 2297 703 2364 forma
725 2300 897 2382 manebat,
915 2341 918 2346 -

134 2419 166 2480 et
188 2421 296 2478 tamen
318 2413 446 2479 omnino
471 2414 557 2496 quod
581 2413 677 2478 tantis
699 2413 822 2478 viribus
844 2418 956 2476 anctos

134 2549 201 2595 non
222 2533 341 2594 temere
363 2529 431 2593 ulla
453 2528 484 2594 vi
508 2528 652 2594 convinci
674 2547 770 2612 posse
794 2528 969 2612 putabant.

134 2643 336 2725 fortunisque
358 2642 431 2711 ideo
452 2644 549 2727 longe
572 2650 737 2728 praestare
758 2643 935 2727 putabant,

62 2774 120 2824 nco
138 2759 224 2840 quod
248 2758 357 2823 mortis
379 2759 472 2822 timor
494 2756 571 2822 haut
593 2777 785 2839 quemquam
807 2762 940 2822 vexaret
962 2777 1091 2839 eorum,

136 2879 168 2938 et
190 2873 285 2938 simul
307 2872 484 2937 insomnis
508 2872 581 2955 quia
603 2873 703 2936 multa
726 2878 757 2935 11
778 2873 858 2936 mira
879 2871 1031 2936 videbant

135 2985 262 3052 efficere
286 2993 316 3050 11
337 2987 458 3051 nullum
482 3005 598 3070 capere
620 2987 707 3071 ipsos
729 2988 804 3052 inde
828 2988 992 3052 laborem.

136 3106 303 3184 praetcrea
326 3101 405 3166 caeli
428 3101 568 3166 rationes
591 3101 704 3166 ordine
728 3108 813 3168 certo

138 3220 170 3280 et
190 3215 283 3279 varia
304 3236 458 3280 annorum
483 3218 657 3282 cernebant
679 3223 825 3300 tempora
847 3217 946 3298 verti,

62 3343 198 3394 neenec
220 3335 371 3414 poterant
393 3331 507 3412 quibus
530 3329 563 3393 id
587 3330 678 3393 fieret
700 3350 896 3410 cognoscere
919 3330 1045 3394 causis:

137 3462 214 3524 ergo
237 3445 415 3526 perfugium
439 3444 498 3509 sibi
524 3443 686 3508 11111111111
708 3443 815 3507 omnia
838 3445 921 3507 divis

137 3558 262 3623 tradere
285 3563 317 3624 et
338 3558 466 3623 illorum
489 3565 568 3622 nutu
590 3556 698 3621 lacere
721 3558 827 3621 omnia
848 3556 953 3621 flecti.

138 3672 170 3736 in
193 3674 347 3756 caeloque
371 3673 466 3738 deum
490 3672 585 3739 sedes
608 3675 640 3737 et
661 3671 780 3753 templa
803 3673 967 3754 locarunt,

138 3805 196 3870 per
218 3789 341 3853 caelum
363 3788 448 3852 volvi
471 3787 547 3870 quia
569 3787 624 3851 lux
647 3791 679 3852 11
700 3786 778 3850 1111
799 3786 943 3870 videtur,

62 3915 124 3963 neo
139 3899 237 3985 luna,
256 3901 344 3979 dies,
361 3909 392 3965 11
413 3921 498 3984 nox,
516 3909 546 3965 11
569 3903 669 3966 noctis
693 3902 786 3984 signa
809 3921 946 3984 serena,

138 4016 391 4098 noctivagaeque
413 4013 502 4082 laces
525 4015 605 4080 caeli
619 4067 627 4095 ,
643 4016 853 4099 flammaeque
875 4016 1044 4094 volantes,

144 4293 210 4339 11⁷2
224 4299 341 4355 proptera
361 4287 375 4358 11
396 4289 522 4339 11781111
543 4289 556 4356 11
578 4291 740 4339 1184111111
760 4290 773 4357 11
795 4293 862 4340 1185
876 4293 963 4340 tierent
983 4287 996 4358 11
1017 4293 1149 4340 11891111
1168 4289 1264 4362 111190

142 4378 257 4428 enectis
279 4375 291 4447 11
312 4393 415 4428 severa.

999 4473 1063 4544 13*
