3266 4994
365 361 406 426 98
904 358 952 422 ΙΙΙ

364 529 398 592 in
422 545 456 593 se
479 527 619 592 animam
644 534 741 610 atque
763 527 795 592 iu
819 546 876 593 eos
898 527 1014 612 poterit
1036 529 1229 596 concludere
1251 534 1376 616 motus,

291 663 341 711 555
367 663 447 724 quos
471 648 544 706 ante
566 643 599 706 in
622 643 728 708 nervis
751 649 782 707 et
803 643 836 708 in
857 643 929 727 ipso
953 663 1086 726 corpore
1108 645 1247 726 agebat.

365 776 462 838 quare
485 757 581 822 etiam
604 763 701 838 atque
724 757 821 822 etiam
843 758 984 822 resoluto
1008 759 1151 842 eorporis
1174 759 1259 824 omni

366 871 504 954 tegmine
527 876 558 936 et
580 872 690 937 eiectis
713 878 805 936 extra
826 873 980 938 vitalibus
1002 873 1089 938 auris

364 985 496 1050 dissolui
519 1005 634 1050 sensus
656 987 756 1050 animi
778 986 903 1052 fateare
926 995 1089 1052 necessest

363 1107 459 1182 atque
481 1100 642 1184 animam,
660 1102 810 1183 quoniam
834 1102 1036 1166 eoniunntast
1057 1121 1156 1167 55555
1178 1103 1325 1167 duobus.

288 1236 338 1284 555
406 1216 552 1297 Denique
576 1235 647 1278 eum
669 1236 785 1299 eorpus
807 1223 949 1297 nequeat
970 1216 1113 1300 perferre
1135 1216 1253 1280 animai

362 1330 550 1414 discidium,
568 1331 645 1410 quin
668 1331 700 1394 in
722 1337 826 1396 taetro
849 1332 994 1396 tabescat
1016 1329 1135 1414 odere,

363 1445 439 1527 quid
463 1445 591 1510 dubitas
614 1445 690 1525 quin
713 1465 754 1510 ex
774 1447 838 1512 imo
859 1448 1048 1531 penitusque
1071 1452 1181 1511 coorta

364 1560 521 1625 emanarit
542 1560 585 1623 uti
608 1559 715 1624 sumus
738 1561 856 1626 diffusa
878 1561 1006 1626 animae
1029 1562 1098 1645 vis,

363 1681 458 1756 atque
481 1675 553 1738 ideo
577 1680 666 1738 tanta
688 1681 843 1740 mutatum
865 1681 956 1758 putre
978 1677 1071 1740 mina

287 1810 337 1858 555
363 1789 535 1854 conciderit
558 1809 692 1875 eorpus,
709 1791 835 1875 penitus
857 1791 932 1872 quia
955 1797 1043 1855 mota
1064 1791 1134 1854 1555
1158 1793 1231 1852 sunt

362 1905 587 1980 fundamenta,
603 1903 690 1968 foras
713 1911 863 1969 manante
886 1906 993 1968 anima
1016 1923 1118 1985 usque
1139 1922 1197 1986 per
1219 1909 1305 1966 artus

361 2039 482 2104 perque
503 2019 626 2083 viarum
649 2019 752 2084 omnis
774 2019 896 2102 flexus,
911 2019 944 2081 in
968 2038 1101 2102 5555555
1125 2017 1178 2098 qui
1202 2023 1295 2101 sunt,

363 2142 457 2216 atque
480 2135 665 2198 foramina?
680 2133 875 2197 multimodis
897 2138 931 2195 ut
952 2152 1086 2197 noseere
1107 2133 1213 2217 possis

362 2249 561 2331 dispertitam
585 2249 713 2312 animae
736 2255 880 2310 naturam
905 2247 1010 2311 exisse
1032 2267 1090 2330 per
1112 2254 1219 2324 artus,

287 2384 338 2430 555
363 2371 394 2427 et
415 2363 505 2446 prius
528 2384 597 2428 esse
621 2361 681 2425 sibi
704 2360 888 2425 distractam
912 2381 1044 2444 corpure
1067 2362 1099 2426 in
1122 2362 1214 2444 1555,

363 2499 457 2560 quam
479 2476 631 2560 prolapsa
653 2476 740 2541 faras
763 2483 872 2540 enaret
894 2477 927 2539 in
949 2477 1033 2541 ae'ris
1056 2496 1170 2540 auras.

362 2591 555 2673 quinetiam
580 2589 651 2654 finis
674 2590 750 2654 dum
773 2591 858 2655 vitae
880 2592 1009 2655 vertitur
1033 2591 1136 2666 intra,

362 2726 458 2788 saepe
481 2704 591 2786 aliqua
611 2711 722 2770 tamen
744 2725 763 2770 e
786 2727 884 2770 eausa
906 2705 1066 2771 labefacta
1089 2705 1216 2768 videtur

361 2821 408 2885 ire
431 2819 538 2883 anima
561 2840 599 2884 55
621 2825 687 2885 tuto
711 2821 793 2886 55151
816 2821 857 2885 (15
881 2841 1014 2905 5555555
1037 2821 1142 2899 velle,

287 2956 337 3003 555
363 2941 395 2998 et
417 2935 508 3016 quasi
532 2955 680 3018 supremo
704 2934 915 3015 languescere
938 2942 1080 3019 tempure
1101 2935 1227 3010 voltus,

358 3025 533 3130 ‘molliaque
556 3049 712 3131 exsangui
734 3056 842 3114 trauan
865 3049 982 3115 eadere
1005 3050 1111 3114 omnia
1133 3050 1296 3114 membra.

363 3163 448 3247 quod
471 3183 572 3246 genus
597 3171 665 3247 est,
682 3165 787 3229 animo
811 3165 1037 3230 malefactum
1061 3186 1130 3230 eum
1155 3164 1341 3250 perhibetur

362 3285 419 3341 aut
441 3281 579 3342 animam
603 3279 755 3360 liquisse;
772 3280 824 3344 ubi
848 3282 910 3344 iam
934 3280 1111 3364 trepidatur
1133 3286 1165 3342 et
1187 3298 1299 3343 ornnes

363 3399 538 3456 extremum
562 3394 692 3478 eupiunt
713 3396 797 3460 vitae
821 3396 1078 3480 repraehendere
1100 3394 1258 3457 vinetum:

287 3527 336 3573 555
362 3514 592 3588 conquassatur
614 3510 697 3573 enim
721 3517 787 3574 tum
810 3533 899 3576 mens
922 3510 1115 3590 animaeque
1137 3513 1281 3590 potestas

363 3623 485 3707 omnis,
503 3630 535 3687 et
556 3623 638 3689 haee
660 3626 730 3708 1555
753 3647 822 3690 eum
847 3646 978 3709 5555555
1001 3623 1136 3688 eonlabe
1160 3623 1258 3704 fiuut3

362 3745 396 3801 ut
418 3738 543 3819 gravior
566 3740 661 3821 paulu
684 3743 787 3823 possit
809 3739 984 3804 dissolvere
1007 3759 1123 3803 eausa.

364 3854 439 3934 quid
463 3853 589 3918 dubitas
610 3855 740 3918 tandem
764 3853 838 3933 quin
863 3859 954 3916 extra
975 3854 1104 3936 predita
1127 3874 1241 3938 eorpus

362 4037 563 4046 -——--.-

365 4158 417 4206 574
435 4154 495 4204 Sese
513 4154 600 4202 anima
618 4150 632 4220 ΙΙ
653 4155 702 4202 576
723 4153 795 4214 Quae
815 4150 829 4223 Η
849 4157 899 4205 578
919 4156 1010 4207 satiare
1029 4156 1043 4224 Η
1065 4159 1115 4207 580
1134 4169 1231 4218 nequae
1252 4152 1265 4224 ΙΙ
1286 4155 1336 4204 582
1355 4153 1450 4204 551555
1472 4151 1485 4222 ΙΙ

366 4243 416 4290 588
431 4242 516 4292 anima
529 4242 598 4290 eius.
619 4239 632 4317 ΙΙ
654 4244 703 4290 588
717 4250 822 4291 manant
835 4244 985 4307 animaeque
1005 4243 1017 4311 ΙΙ
1039 4248 1090 4294 594
1104 4259 1209 4306 5555555
1223 4243 1309 4292 omnia
1321 4245 1450 4294 membra.
1471 4239 1485 4310 ΙΙ

365 4331 415 4380 596
435 4329 555 4390 easaugui
577 4327 590 4394 Η
611 4336 699 4377 trunco
719 4331 859 4380 omissum.
880 4333 893 4399 Η
915 4336 963 4382 597
984 4331 1097 4396 peribet.
