3266 4994
727 385 775 450 111

118 581 167 627 roo
195 559 270 641 quid
294 558 321 622 si
343 563 453 641 posset
473 557 586 622 enim?
601 557 700 622 multo
723 556 810 640 prius
832 556 905 638 ipsa
927 556 1024 620 animi
1046 557 1094 622 vis

161 733 165 739 .
189 673 222 736 in
245 673 349 756 eapite
372 677 428 736 aut
449 671 567 736 umeris
589 677 644 736 aut
665 670 738 734 imis
761 669 903 734 oaloibus
926 689 997 734 esse

189 791 320 870 posset,
337 791 369 849 et
389 784 512 850 innasci
536 785 650 866 quavis
671 786 703 848 in
726 790 819 869 parte
840 784 957 848 soleret

187 900 317 964 tandem
339 899 372 963 in
395 898 508 964 eodem
532 899 660 964 homine
682 906 779 980 atque
801 897 835 961 in
858 897 970 962 eodem
993 917 1071 962 vase
1095 918 1247 964 manere.

187 1015 274 1096 quod
297 1014 446 1096 quoniam
469 1018 577 1078 nostro
601 1033 727 1096 quoque
750 1017 873 1078 constat
896 1031 1030 1095 corpore
1053 1018 1192 1092 eertum,

112 1149 163 1195 aas
189 1127 440 1211 dispositumque
462 1127 588 1193 videtur
611 1128 665 1192 ubi
687 1146 760 1193 esse
782 1134 814 1190 et
835 1145 977 1192 creseere
1000 1127 1101 1210 possit

188 1262 312 1307 sorsum
335 1241 442 1306 anima
464 1247 560 1322 atque
582 1242 727 1323 animus,
743 1247 831 1305 tanto
853 1243 955 1322 magis
978 1239 1176 1305 infitiandum

188 1363 287 1419 totum
310 1375 408 1439 posse
431 1363 521 1420 extra
543 1376 658 1439 eorpus
681 1357 796 1421 durare
819 1355 979 1437 genique.

189 1483 307 1550 quare,
324 1490 441 1555 eorpus
463 1470 517 1534 ubi
539 1468 676 1552 interiit,
692 1469 828 1554 periisse
851 1475 1015 1533 necessest

137 1565 145 1572 ⁶
188 1582 359 1647 oonfiteare
381 1583 522 1648 animam
545 1582 731 1646 distractam
752 1583 784 1647 in
808 1601 942 1665 corpore
965 1588 1051 1647 toto.

110 1716 164 1762 eoo
189 1697 306 1780 quippe
330 1697 448 1762 etenim
469 1695 603 1760 mortale
626 1702 756 1761 aeterno
778 1697 913 1778 iungere
936 1703 967 1760 et
988 1716 1053 1760 una

188 1811 370 1876 consentire
393 1817 507 1894 putare
530 1814 562 1872 et
582 1809 672 1894 fungi
695 1818 802 1874 mutua
824 1829 921 1894 posse

189 1922 384 2007 desiperent:
403 1924 479 2005 quid
503 1923 586 1988 enim
609 1924 766 1990 diversius
789 1944 860 1990 esse
882 1920 1091 2007 putandumst
1184 1943 1187 1946 ·

186 2044 241 2102 aut
263 2039 368 2120 magis
391 2040 472 2104 inter
495 2056 530 2102 se
554 2036 744 2102 disiunctum
769 2038 1064 2122 discrepitansque‚

187 2173 282 2234 quam
305 2153 437 2217 mortale
461 2150 547 2234 quod
570 2158 619 2216 est
639 2151 801 2216 inmortali
822 2158 919 2234 atque
941 2154 1075 2236 perenni

1 2328 2 2336 ,
109 2283 161 2332 805
187 2264 327 2330 iunotum
348 2266 381 2329 in
404 2267 537 2332 oonoilio
560 2285 675 2331 saevas
697 2265 838 2330 tolerare
859 2267 1047 2350 proeellas?

109 2399 161 2446 ero
188 2379 273 2460 quod
296 2380 323 2445 si
346 2380 428 2446 forte
449 2381 523 2446 ideo
547 2381 650 2461 magis
672 2379 858 2445 immortalis
881 2382 1079 2459 habendam,

189 2494 274 2577 quod
297 2495 447 2560 letalibus
470 2495 512 2560 ab
534 2494 774 2588 rebusmunita
796 2499 920 2559 tenetur
932 2545 941 2576 ‚

187 2616 242 2674 aut
264 2611 340 2691 quia
362 2631 425 2674 non
447 2609 578 2675 ueniunt
601 2608 728 2696 omnino
752 2608 860 2674 aliena
883 2609 1016 2686 salutis,

190 2730 244 2789 aut
266 2726 340 2807 quia
362 2746 445 2807 quae
467 2724 599 2789 veniunt
620 2723 730 2803 aliqua
754 2722 875 2787 ratione
899 2723 1051 2790 recedunt

189 2840 282 2922 pulsa
304 2841 392 2924 prius
414 2860 510 2921 quam
533 2838 610 2920 quid
632 2843 769 2902 noceant
791 2838 909 2904 sentire
932 2859 1107 2922 queamus,

187 3073 316 3152 praeter
339 3067 422 3132 enim
447 3087 543 3149 quam
568 3071 654 3149 quod
677 3069 796 3134 morbis
820 3069 891 3134 oum
915 3070 1057 3154 eorporis
1081 3076 1211 3154 aegret‚

110 3203 163 3250 sas
192 3182 322 3247 advenit
344 3182 377 3246 id
400 3183 485 3264 quod
507 3201 579 3246 eam
602 3183 760 3248 derebus
783 3204 880 3268 saepe
903 3184 1017 3249 futuris

187 3302 331 3361 macerat
351 3297 448 3378 inque
471 3303 555 3362 melu
577 3296 661 3362 male
683 3297 780 3363 habet
803 3299 951 3380 aurisque
975 3299 1108 3381 fatigat,

189 3412 431 3496 praeteritisque
453 3412 537 3476 male
559 3411 708 3476 admissis
729 3419 862 3495 peecata
883 3413 1087 3478 remordent.

190 3528 272 3592 adde
295 3503 433 3592 furorem
455 3526 553 3590 animi
575 3525 737 3610 proprium
760 3532 857 3626 atque
881 3526 999 3591 oblivia
1022 3544 1144 3604 rerum,

189 3641 274 3706 adde
297 3642 383 3723 quod
406 3642 439 3705 in
460 3641 568 3724 nigras
590 3639 726 3721 lethargi
749 3639 903 3722 mergitur
924 3638 1047 3706 undas.

108 3776 161 3824 sao
230 3756 285 3820 Nil
307 3756 403 3839 igitur
425 3775 511 3819 mors
534 3762 582 3820 est
604 3756 648 3819 ad
670 3774 729 3819 nos
752 3775 855 3837 neque
877 3756 1013 3838 pertinet
1035 3755 1152 3835 hilum,

188 3870 446 3953 quandoquidem
468 3875 582 3934 natura
604 3868 701 3932 animi
723 3870 867 3936 mortalis
888 3871 1044 3937 habetur.

187 4053 396 4064 ῃ,

192 4172 241 4220 790
260 4171 335 4232 Quod
356 4167 370 4239 Η
391 4172 441 4220 798
459 4172 552 4234 perisse
572 4169 585 4237 Η
605 4173 656 4219 800
674 4172 808 4221 mortalem
832 4170 846 4240 Η
870 4175 921 4221 804
939 4171 1062 4236 paranni.
1088 4167 1102 4237 Η
1128 4169 1177 4218 805
1197 4167 1278 4216 salvas
1299 4165 1313 4234 ΙΙ

189 4259 578 4318 soe-818=v‚351-363.
600 4255 613 4324 ll
636 4258 687 4306 820
705 4257 824 4310 vitalibus
845 4257 859 4327 Η
879 4261 930 4310 824
948 4257 1055 4307 morbist
1074 4253 1088 4324 ll
1107 4255 1206 4320 aegrit.
1227 4251 1240 4323 ll
1261 4257 1311 4306 826

188 4343 301 4395 Maceret
321 4342 334 4414 ΙΙ
354 4347 404 4395 829
423 4345 515 4404 addi,
