3236 5020
380 375 420 442 18
933 374 948 436 1

374 561 434 606 nec
456 561 514 626 per
536 561 571 606 se
595 561 789 624 quemquam
811 549 938 625 tempus
959 543 1076 608 sentire
1099 541 1299 610 fatendumst

372 662 529 722 semotum
551 657 593 721 ab
617 676 725 722 rerum
747 662 834 722 motu
856 657 1052 742 placidaque
1075 658 1201 739 quiete.

373 769 512 853 denique
534 771 756 856 Tyndaridem
779 778 903 856 raptam
927 772 1079 854 belloque
1103 773 1256 837 subactas

297 904 348 951 rea
374 885 589 966 Troiiugenas
610 886 716 968 gentis
738 906 810 950 cum
833 885 942 952 dicunt
965 905 1056 969 esse,
1081 886 1283 952 videndumst

374 1018 415 1064 ne
437 998 519 1064 forte
541 1000 623 1065 haec
644 1019 703 1083 per
726 1020 760 1064 se
784 1009 901 1084 cogant
924 1019 983 1066 nos
1008 1021 1080 1066 esse
1105 999 1218 1082 lateri,

372 1114 501 1194 quando
526 1134 566 1179 ea
589 1116 698 1180 saecla
721 1115 904 1190 hominum,
929 1134 1063 1197 quorum
1086 1113 1168 1178 haec
1191 1120 1304 1178 eventa
1328 1113 1476 1190 suerunt,

371 1228 597 1294 inrevocabilis
620 1229 789 1294 abstulerit
811 1230 876 1293 iam
900 1229 1071 1312 praeterita
1094 1235 1207 1292 aetas:

370 1362 508 1424 namque
531 1343 612 1406 aliut
633 1362 690 1426 per
712 1349 797 1425 sest,
821 1343 902 1406 aliut
925 1342 1110 1424 regionibus
1132 1341 1212 1424 ipsis

296 1478 347 1522 rro
372 1464 521 1523 eventum
544 1458 607 1522 dici
628 1458 745 1542 poterit
767 1457 854 1540 quod
877 1477 1013 1538 cumque
1037 1457 1097 1522 erit
1119 1462 1245 1520 actum.

372 1573 510 1654 denique
533 1573 684 1638 materies
708 1573 736 1637 si
759 1593 863 1638 rerum
885 1573 975 1638 nulla
998 1571 1131 1644 fuisset,

373 1706 431 1751 nec
452 1688 543 1751 locus
566 1708 604 1751 ac
626 1688 785 1770 spatium,
808 1707 861 1753 res
883 1688 916 1750 in
940 1707 1002 1768 quo
1025 1703 1171 1767 quaeque
1193 1690 1367 1767 geruntur,

371 1821 545 1882 numquam
568 1802 764 1885 Tyndaridis
787 1801 909 1866 formae
934 1801 1087 1865 conflatus
1112 1777 1222 1862 amore

371 1916 475 1999 ignis,
499 1917 676 1981 Alexandri
698 1916 840 1999 Phrygio
864 1916 923 1980 sub
945 1921 1074 1998 pectore
1097 1913 1257 1993 gliscens,

294 2052 344 2097 ars
371 2031 460 2095 clara
483 2031 685 2096 accendisset
708 2030 796 2095 saevi
820 2030 995 2094 certamina
1013 2028 1112 2097 belli,

370 2165 430 2210 nec
453 2146 536 2209 clam
560 2147 714 2210 durateus
732 2145 893 2209 Troiianis
916 2147 1073 2227 Pergama
1097 2149 1191 2226 partu

369 2258 602 2324 inflammasset
625 2279 725 2340 equos
747 2266 900 2324 nocturno
925 2257 1214 2342 Graiiugenarum

370 2374 554 2458 perspicere
577 2381 612 2438 ut
633 2375 738 2458 possis
760 2393 813 2438 res
835 2381 945 2457 gestas
967 2371 1109 2437 funditus
1132 2367 1235 2432 omnis

368 2508 433 2552 non
455 2488 501 2552 ita
524 2489 568 2553 uti
591 2509 707 2573 corpus
731 2511 788 2573 per
811 2508 846 2554 se
870 2494 1017 2552 constare
1040 2503 1145 2565 neque
1169 2501 1263 2558 esse,

293 2623 344 2668 rso
370 2623 428 2668 nec
449 2602 574 2666 ratione
597 2602 704 2668 cluere
726 2603 841 2669 eadem
864 2623 929 2684 qua
952 2606 1075 2666 constet
1097 2599 1213 2680 inane,

370 2717 429 2783 sed
451 2716 556 2800 magis
578 2723 612 2780 ut
633 2719 744 2783 urerito
768 2720 873 2803 possis
897 2723 1012 2782 eventa
1034 2733 1151 2780 vocare

369 2832 532 2916 corporis,
556 2838 651 2914 atque
674 2833 756 2910 loci,
780 2833 888 2898 resin
912 2851 975 2912 quo
999 2845 1147 2911 quaeque
1170 2826 1340 2903 gerantur.

409 2947 552 3030 Corpora
574 2956 648 3012 sunt
669 2969 763 3031 porro
786 2947 902 3031 partim
925 2941 1101 3028 primordia
1124 2957 1249 3018 rerum,

368 3062 484 3145 partim
507 3062 639 3126 concilio
663 3082 748 3143 quae
771 3066 919 3127 constant
940 3054 1187 3140 principiorum.

292 3196 343 3242 485
368 3176 427 3241 sed
450 3195 534 3257 quae
557 3184 629 3241 sunt
651 3195 756 3241 rerum
779 3173 976 3258 primordia,
1000 3167 1090 3232 nulla
1112 3172 1217 3249 potest
1238 3164 1286 3228 vis

370 3293 552 3373 stinguere:
576 3311 649 3355 nam
673 3291 777 3356 solido
801 3290 931 3353 vincunt
953 3304 993 3350 ea
1016 3300 1149 3364 corpore
1172 3279 1319 3344 demum.

370 3406 429 3470 etsi
452 3405 582 3470 difficile
604 3424 677 3470 esse
701 3404 826 3467 videtur·
849 3399 978 3463 credere
1002 3397 1172 3478 quicquam

366 3523 399 3585 in
421 3523 518 3587 rebus
540 3519 643 3584 solido
665 3515 796 3599 reperiri
820 3532 953 3595 corpore
974 3531 1091 3595 posse.

367 3635 483 3700 transit
506 3635 589 3698 enim
612 3631 732 3695 fulmen
756 3627 899 3704 caelum,
923 3648 982 3710 per
1004 3631 1117 3709 sa‘epta
1140 3625 1306 3689 domorum

289 3771 341 3817 reo
369 3751 489 3815 clamor
513 3747 537 3810 it
559 3765 598 3809 ao
620 3761 736 3824 voces,
761 3739 879 3806 ferrum
903 3739 1067 3805 candescit
1087 3740 1121 3802 in
1143 3738 1231 3823 igni,

367 3864 591 3940 dissiliuntque
614 3857 684 3920 fero
708 3854 864 3920 ferventia
891 3875 972 3919 sara
994 3873 1133 3936 vapore:

365 3985 431 4042 tum
452 3971 668 4039 labefactatus
690 3969 778 4053 rigor
800 3969 871 4034 anri
894 3970 1025 4035 solvitur
1045 3975 1156 4036 aestua

365 4245 415 4290 467
437 4239 529 4288 suerit.
550 4235 563 4305 ΙΙ
589 4240 639 4287 469
658 4239 722 4287 aliut
741 4239 813 4288 terris
834 4237 846 4306 Η
867 4241 918 4288 473
939 4239 1022 4287 somna
1039 4234 1053 4305 Η
1073 4238 1125 4283 480
1144 4236 1212 4283 luere
1233 4229 1247 4299 ll
1268 4232 1319 4278 484
1339 4246 1388 4290 qua
1410 4225 1421 4294 l}
1441 4231 1492 4276 489

363 4329 455 4375 fiumen
474 4328 537 4375 caeli
558 4323 572 4394 ΙΙ
592 4329 644 4376 490
663 4336 690 4376 ut
708 4328 740 4375 ad
761 4325 774 4394 Η
794 4329 843 4374 491
866 4327 971 4376 ferventi
993 4323 1006 4392 Η
1026 4325 1076 4371 492
1097 4323 1161 4370 Cum
