3240 5010
708 375 750 438 VI

169 546 306 613 forsitan
328 565 368 612 ex
390 547 461 631 ipso
484 547 618 613 veniens
639 547 746 612 trahat
768 553 840 612 atre
864 547 1021 628 quaedam

170 682 325 745 corpora,
343 681 424 745 quae
447 661 552 744 plagis
574 660 747 726 incendunt
770 660 998 726 mobilitatem.

168 775 401 859 incolumisque
424 776 510 840 veuit
531 796 588 860 per
611 795 661 840 res
684 781 780 858 atque
803 777 929 858 integra
950 773 1066 839 transit

168 891 288 974 multa,
305 890 512 956 foraminibus
534 889 674 971 liquidus
696 889 773 971 quia
794 889 971 954 transvolat
992 887 1097 970 ignis.

81 1026 141 1073 ano
168 1006 333 1088 multaque
356 1004 501 1088 pertigit,
518 1024 589 1069 oum
612 1024 748 1089 corpora
770 1003 911 1068 fulminis
934 1004 1007 1087 ipsa

168 1120 355 1204 corporibus
377 1139 482 1185 rerum
505 1118 786 1202 incide1·urrt‚qua
807 1123 894 1182 texta
916 1123 1081 1182 tenentur.

168 1234 313 1299 dissoluit
335 1255 430 1318 porro
454 1233 548 1299 facile
572 1254 628 1300 aas
651 1253 828 1315 aurumque
850 1237 980 1317 repente

168 1347 319 1414 conferve
341 1349 473 1426 facit,e
496 1349 604 1434 parvis
627 1349 703 1432 quia
724 1349 811 1413 facta
832 1348 953 1412 minute

168 1464 357 1548 corporibus
380 1464 428 1528 vis
451 1470 499 1528 est
523 1470 554 1530 et
577 1465 702 1530 levibus
724 1482 765 1527 er
789 1463 973 1544 elementis,

86 1601 144 1648 aas
171 1555 256 1660 quae
278 1577 373 1642 facile
396 1579 594 1644 insinuantur
616 1585 648 1644 et
671 1578 833 1642 insinuata
857 1583 984 1658 repente

169 1692 350 1758 dissoluont
373 1694 475 1758 nodos
499 1693 602 1757 omnis
625 1699 656 1757 et
677 1693 783 1757 vincla
805 1692 973 1756 relaxant.

168 1813 385 1889 autumnoque
408 1807 512 1891 magis
534 1806 635 1872 stellis
658 1805 853 1887 fulgentibus
877 1811 954 1889 apta

170 1922 344 1986 concutitur
367 1922 449 1986 caeli
473 1915 586 1986 domus
610 1921 751 2005 undique
774 1928 906 2003 totaque
930 1919 1044 2001 tellus,

170 2041 202 2101 et
224 2055 294 2100 cum
318 2042 463 2120 tempora
486 2057 519 2101 se
542 2038 624 2102 veris
646 2036 791 2102 florentia
813 2037 978 2120 pandunt.

89 2174 143 2220 360
170 2150 291 2234 frigore
314 2151 396 2214 enim
421 2150 537 2216 desunt
560 2153 671 2235 ignes,
688 2152 836 2232 ventique
859 2151 969 2214 calore

171 2264 320 2330 deficiunt
342 2284 445 2346 neque
469 2272 542 2330 sunt
563 2271 628 2328 tam
651 2265 751 2330 denso
776 2286 909 2349 corpore
933 2266 1056 2330 nubes.

169 2380 385 2462 interutraque
408 2380 505 2462 igitur
528 2399 599 2444 oum
623 2380 705 2444 caeli
728 2387 872 2463 tempora
895 2385 1060 2456 coustant,

172 2501 236 2558 tum
259 2494 367 2558 variae
390 2513 508 2558 causae
532 2500 720 2560 concurrunt
743 2493 884 2558 fulminis
907 2511 1038 2558 omnes:

171 2629 245 2674 nam
268 2609 367 2674 fretus
389 2609 459 2694 ipse
483 2609 558 2673 anni
580 2609 750 2693 permiscet
772 2608 874 2692 frigus
898 2615 929 2674 et
951 2613 1094 2683 aestum,

92 2745 145 2794 aas
173 2743 307 2806 quorum
329 2730 496 2806 utrumque
519 2745 599 2810 opus
624 2731 674 2789 est
694 2723 884 2790 fabricanda
906 2724 949 2788 ad
971 2720 1107 2786 fulmina
1129 2719 1227 2801 nubi,

9 2818 12 2908 i
171 2845 207 2903 nt
228 2838 388 2903 discordia
411 2839 453 2904 sit
474 2860 578 2938 rerum
601 2859 784 2921 magnoque
806 2839 941 2904 tumultu

169 2953 297 3038 ignibus
320 2959 352 3020 et
374 2955 475 3021 ventis
498 2955 689 3022 furibundus
711 2955 841 3020 fluctuet
863 2962 936 3022 air.
962 2995 964 3000 -

171 3069 277 3154 prima
301 3071 417 3135 caloris
442 3072 526 3136 enlm
547 3091 625 3155 pars
649 3079 698 3136 est
718 3077 878 3156 postrema
903 3069 1038 3154 rigoris,

173 3190 298 3269 tempus
321 3190 355 3247 ut
379 3190 428 3250 est
450 3205 601 3264 vernum;
618 3205 718 3269 quare
740 3207 886 3271 pugnare
908 3190 1070 3250 necessest

95 3319 148 3366 aro
172 3297 336 3364 dissimilis
358 3299 440 3362 iuter
462 3319 497 3363 se
519 3319 571 3364 res
593 3301 787 3383 turbareque
810 3302 946 3366 mixtas:

173 3419 205 3476 et
226 3413 315 3479 calor
338 3419 498 3478 extremus
520 3414 623 3499 primo
648 3435 720 3478 cum
742 3413 861 3498 frigore
883 3414 1001 3478 mixtus

175 3528 330 3603 volvitur,
348 3527 490 3592 autumni
515 3527 601 3608 quod
623 3525 723 3590 fertur
745 3528 873 3592 nomine
895 3535 1040 3612 tempus,

172 3641 224 3706 hic
247 3661 375 3723 quoque
398 3641 573 3724 confligunt
594 3641 716 3706 hiemes
739 3640 915 3707 aestatibus
937 3660 1049 3707 acres.

174 3763 346 3841 propterea
368 3756 450 3822 freta
473 3766 545 3822 runt
568 3756 647 3821 haec
669 3757 744 3820 anui
769 3755 1009 3832 nominitanda‚

174 3957 376 3966 ———

178 4095 228 4143 346
247 4093 307 4144 here
327 4089 340 4159 Η
361 4094 411 4141 349
430 4093 553 4142 transviat
574 4089 586 4160 Η
606 4095 655 4142 356
670 4092 754 4142 vincia
774 4090 787 4160 Η
808 4092 857 4141 337
876 4092 944 4141 alta.
967 4088 980 4158 Η
1001 4093 1050 4141 359
1069 4093 1104 4140 rie
1125 4087 1137 4157 Η
1159 4093 1210 4141 360
1229 4091 1297 4139 calo·

177 4197 232 4230 res.
258 4181 271 4248 Η
298 4183 348 4231 362
368 4181 436 4230 Inter
455 4188 574 4242 utrasque
601 4178 614 4249 Η
642 4184 693 4231 364
712 4191 737 4232 et
755 4182 894 4232 omissam.
921 4176 934 4248 Η
960 4183 1010 4230 365
1035 4179 1124 4228 nobis.
1150 4174 1163 4244 Η
1190 4179 1240 4226 366
1265 4176 1298 4224 sit

177 4271 317 4320 banasam.
338 4269 351 4335 Η
373 4271 423 4318 368
442 4268 548 4332 ligeris.
570 4267 582 4335 Η
604 4271 653 4318 369
672 4268 699 4318 id
723 4266 736 4337 Η
761 4271 811 4318 370
830 4267 1025 4320 rerumrerum.
1047 4265 1059 4333 Η
1085 4267 1134 4316 372
1155 4263 1263 4314 Vovitur
1283 4261 1296 4330 Η

178 4359 229 4412 374
249 4357 314 4410 freta
334 4359 474 4408 ambram.
