3236 5020
238 329 385 393 ,28
728 327 732 338 ’
900 323 914 386 Ι

344 495 389 558 777
412 495 444 558 77
469 494 604 559 concilio
627 499 772 558 naturam
797 500 831 558 ut
853 499 952 558 mutet
973 513 1103 570 eorum,

344 609 435 673 nulla
457 608 514 672 tibi
537 629 576 673 ex
600 608 664 672 illis
685 609 803 692 poterit
827 627 879 672 res
902 627 975 672 esse
998 613 1125 682 creata,

345 743 410 786 non
432 722 598 806 animans,
621 743 684 786 non
708 723 854 788 exanimo
877 742 948 788 oum
972 741 1126 805 corpore,
1150 727 1185 784 ut
1206 722 1324 786 arbos:

273 857 321 904 777
349 836 467 920 quippe
490 855 578 900 suam
603 836 739 918 quicque
762 836 795 899 in
819 841 911 901 coetu
934 836 1089 919 variantis
1112 827 1217 900 accrvi

346 956 490 1014 naturam
514 951 680 1026 ostendet,
704 951 884 1032 mixtusque
907 949 1067 1014 videbitur
1093 955 1146 1013 777·

345 1083 416 1129 oum
439 1071 522 1129 terra
544 1057 638 1130 simul
662 1068 760 1144 atque
782 1063 878 1127 ardor
901 1083 970 1128 enm
994 1083 1066 1128 rore
1087 1082 1237 1128 manere.

345 1184 379 1242 at
400 1178 574 1262 primordia
597 1176 770 1262 gignundis
793 1177 825 1240 in
848 1177 935 1242 rebu’
958 1183 1123 1242 necessest

346 1297 490 1356 naturam
514 1291 742 1356 clandestinam
766 1311 959 1373 caecamque
982 1291 1158 1374 adhibere,

272 1427 321 1471 777
348 1407 487 1472 emineat
509 1405 646 1487 nequid,
671 1406 757 1487 quod
780 1412 890 1470 contra
912 1413 1033 1489 pugnet
1055 1411 1086 1470 et
1109 1405 1212 1468 obstet

347 1541 410 1601 quo
433 1521 537 1584 minus
560 1539 631 1584 esse
655 1527 752 1602 queat
774 1521 902 1603 proprie
926 1520 1010 1602 quod
1035 1539 1170 1600 cumque
1195 1525 1338 1584 creatur.

391 1633 474 1709 Quin
498 1633 595 1697 etiam
618 1639 766 1718 repetunt
789 1655 808 1698 a
831 1634 920 1698 caelo
944 1641 1040 1716 atque
1062 1635 1192 1716 ignibus
1215 1633 1303 1710 eius,

347 1752 378 1811 et
401 1747 537 1830 primum
560 1747 680 1811 faciunt
701 1747 808 1828 ignem
832 1769 867 1814 se
890 1755 1013 1814 vertere
1036 1751 1068 1812 in
1092 1767 1187 1813 auras

347 1862 450 1944 77777,
474 1861 547 1926 hinc
570 1862 702 1926 imbrem
726 1863 836 1944 gigni,
859 1870 1039 1944 terramque
1062 1863 1164 1928 creari

274 1997 322 2043 777
349 1997 387 2040 ex
409 1976 522 2053 imbri,
547 1980 696 2057 retroque
719 1998 739 2040 a
761 1983 845 2042 terra
867 1985 981 2042 cuncta
1005 1979 1136 2050 reverti,

347 2110 488 2156 umorem
513 2091 669 2174 primum,
693 2097 765 2174 post
788 2098 883 2176 7777,
907 2090 1024 2156 deinde
1048 2091 1207 2173 calorem,

348 2225 406 2268 nec
429 2224 555 2270 cessare
576 2204 655 2270 haee
677 2205 760 2271 inter
783 2225 817 2270 se
840 2211 984 2280 mutare,
1008 2223 1115 2269 meare

348 2340 367 2383 a
390 2319 479 2384 caelo
503 2320 543 2383 ad
566 2327 702 2397 terram,
725 2320 766 2384 de
789 2327 875 2385 terra
898 2320 940 2384 ad
964 2318 1070 2384 sidera
1092 2320 1221 2383 mundi.

348 2433 434 2516 quod
456 2433 564 2500 faeere
587 2435 672 2499 baud
695 2435 760 2499 ullo
783 2435 900 2500 debent
922 2433 1098 2518 primordia
1120 2441 1237 2519 pacto.

273 2571 321 2617 roo
346 2549 542 2613 immutabile
564 2549 649 2613 enim
673 2549 826 2630 quiddam
850 2557 1004 2632 superare
1027 2557 1209 2626 necessest,

243 2711 254 2720 .
346 2684 386 2727 77
409 2681 460 2728 res
483 2663 523 2726 ad
547 2664 647 2727 nilum
671 2663 856 2746 redigantur
879 2663 1021 2729 funditus
1045 2684 1176 2730 omnes:

347 2798 419 2840 nam
444 2779 528 2860 quod
552 2798 686 2858 cumque
710 2778 775 2841 suis
798 2783 951 2842 nrutatum
975 2779 1090 2844 finibus
1115 2779 1199 2864 exit,

347 2892 494 2956 continuo
518 2893 577 2958 hoc
599 2911 686 2957 mors
709 2898 758 2957 est
779 2893 865 2958 illius
888 2895 974 2976 quod
996 2896 1057 2960 fuit
1079 2902 1172 2960 aute.

347 3015 560 3092 quapropter
583 3007 732 3088 quoniam
757 3027 840 3088 quae
865 2983 964 3093 paulo
988 3011 1125 3075 diximus
1149 3015 1222 3072 ante

274 3141 322 3187 777
346 3121 378 3184 77
402 3127 627 3185 7777777777
652 3122 800 3207 veniunt,
824 3132 970 3190 constare
994 3128 1160 3190 necessest

347 3256 388 3301 ex
411 3236 484 3301 aliis
507 3255 568 3313 ea,
593 3254 676 3316 quae
699 3245 860 3319 nequeant
882 3240 1061 3304 convertier
1084 3255 1239 3316 usquam,

347 3371 388 3416 ne
410 3351 467 3416 tibi
491 3370 541 3414 res
563 3350 696 3415 redeant
717 3353 758 3416 ad
781 3353 881 3418 nilum
905 3354 1048 3418 funditus
1073 3370 1202 3417 omnes.

347 3467 424 3549 quin
447 3465 553 3550 potius
575 3465 632 3530 tali
656 3473 771 3532 natura
794 3467 943 3551 praedita
965 3465 1122 3548 quaedam

348 3601 483 3664 corpora
505 3581 697 3665 constituas,
721 3583 829 3663 ignem
854 3581 880 3644 si
904 3581 984 3645 forte
1010 3577 1165 3658 crearint,

273 3719 323 3765 soc
348 3717 444 3781 posse
469 3696 602 3774 eadem,
627 3697 763 3779 demptis
786 3693 900 3777 paucis
924 3692 1099 3774 paucisque
1122 3691 1267 3774 tributis,

347 3810 460 3875 ordine
482 3817 602 3894 mutato
626 3817 657 3873 et
679 3815 787 3890 motu,
816 3807 922 3871 facere
946 3805 1028 3870 atris
1050 3825 1165 3892 auras,

352 4117 400 4163 777
421 4123 444 4163 77
468 4111 481 4180 ΙΙ
508 4115 557 4160 774
577 4109 673 4159 animes
699 4109 710 4172 [ξ
738 4111 787 4158 777
807 4109 912 4172 quisque
931 4111 1075 4161 incoctum
1095 4109 1108 4180 ΙΙ
1136 4114 1184 4160 776
1205 4111 1316 4160 ostendit
1341 4107 1353 4178 71
1382 4111 1429 4157 777
1449 4117 1471 4157 77

348 4202 458 4265 quodam
478 4215 534 4248 curn
560 4195 571 4264 Η
597 4210 716 4245 manare.
743 4193 756 4264 Η
784 4200 832 4246 778
853 4207 967 4262 oportet.
995 4196 1008 4268 Η
1037 4203 1084 4248 779
1104 4198 1290 4262 glandestinam
1314 4195 1327 4266 Η
1355 4199 1404 4246 780
1423 4195 1471 4246 De-

348 4288 443 4338 mineat
464 4283 476 4351 77
499 4288 545 4334 781
568 4293 681 4333 creatas.
703 4281 715 4352 il
739 4287 787 4334 784
807 4286 891 4352 ignem
913 4285 925 4354 j(
949 4289 996 4337 785
1017 4287 1071 4350 igni
1092 4282 1105 4352 Η
1126 4286 1263 4337 interram
1284 4285 1297 4355 77
1321 4287 1369 4335 789
1389 4283 1470 4336 fecto.
