3236 5020
706 388 720 450 I

86 632 93 649 Ι
149 557 228 621 scire
249 556 324 621 iicet
346 576 409 619 non
433 576 505 622 esse
528 557 607 620 baec
628 556 724 640 ignea
746 577 881 640 corpora
904 577 1025 622 rerum.

67 692 124 736 cao
149 670 194 733 nil
216 671 350 736 referret
372 672 456 736 euim
480 671 639 753 quaedam
663 670 840 746 decedere,
863 671 972 740 abire.

149 791 245 866 atque
268 785 331 848 alio
355 785 516 863 adtribui,
538 785 718 865 mutarique
743 783 856 849 ordine
880 786 1058 865 (praedam,

148 899 173 963 si
196 903 305 962 tamen
330 898 454 964 ardoris
476 906 622 963 naturam
645 905 759 962 cuncta
782 905 945 962 tenerent:

146 1011 231 1092 ignis
254 1011 340 1075 enirn
362 1011 446 1076 foret
469 1013 658 1103 omnimodis
682 1011 767 1094 quod
791 1033 926 1094 cumque
953 1021 1118 1078 crearent.

148 1145 277 1201 verum,
301 1130 335 1190 ut
358 1126 489 1210 opinor,
514 1128 607 1192 itast:
631 1133 705 1192 sunt
727 1127 886 1208 quaedam
908 1147 1065 1210 corbera,
1090 1147 1222 1208 quorum

66 1260 122 1306 eae
149 1258 321 1306 concursus
344 1247 447 1306 motus
470 1239 548 1305 ordo
571 1241 716 1324 positura
742 1243 864 1327 figurae

148 1353 291 1418 efficiunt
312 1355 415 1439 ignis,
439 1362 623 1437 mutatoque
646 1357 759 1422 ordine
780 1365 903 1423 mutant

148 1475 315 1546 naturam,
338 1489 442 1550 neque
465 1473 538 1532 sunt
560 1469 625 1551 igni
650 1470 798 1534 simulata
819 1491 924 1552 neque
947 1470 1004 1534 uili

148 1586 315 1662 praeterea
337 1582 385 1646 rei
408 1600 492 1664 quae
514 1602 650 1664 corpora
673 1582 794 1647 mittere
812 1585 919 1668 ‘possit

150 1694 299 1758 sensibus
320 1700 352 1758 et
374 1701 500 1760 nostros
522 1695 649 1760 adiectu
672 1703 804 1778 tangere
827 1704 949 1763 tactus.

72 1826 125 1873 eno
194 1807 309 1873 Dicere
331 1829 426 1893 porro
449 1809 555 1893 iguem
579 1829 630 1874 res
653 1813 755 1877 omnis
778 1833 869 1891 esse,
893 1832 997 1895 neque
1024 1813 1120 1876 ullam

149 1943 214 1986 rem
236 1942 344 1987 veram
366 1924 400 1987 in
423 1944 554 1990 numero
578 1945 683 1990 rerum
706 1934 852 1993 constare
874 1928 935 1992 nisi
959 1927 1086 2010 ignem,

148 2036 234 2119 quod
256 2036 332 2103 facit
354 2037 405 2102 hic
427 2039 533 2115 idem,
557 2040 750 2123 perdelirum
773 2063 844 2108 esse
866 2044 1011 2108 ridetur.

146 2171 221 2216 nam
245 2159 355 2216 eontra
377 2173 489 2219 sensus
512 2155 552 2217 ab
576 2157 722 2220 sensibus
743 2156 814 2241 ipse
837 2164 1016 2242 repugnat,

147 2272 178 2329 et
200 2266 371 2331 labefactat
393 2288 469 2346 eos,
493 2269 578 2334 uude
601 2268 710 2334 omnia
733 2269 852 2334 credita
875 2272 1035 2355 pendent,

68 2404 121 2452 695
147 2381 231 2446 uude
255 2381 306 2446 hie
328 2383 473 2465 cognitus
497 2390 546 2448 est
568 2383 629 2467 ipsi
654 2403 747 2465 quem
772 2387 914 2450 nominat
936 2385 1063 2467 ignem:

148 2498 353 2563 creditenim
377 2517 490 2562 sensus
512 2498 617 2579 ignem
642 2517 836 2580 cognoscere
859 2518 951 2580 vere,

147 2619 253 2678 cetera
276 2633 339 2676 nou
363 2595 482 2687 credit,
504 2630 588 2691 quae
611 2609 675 2674 nilo
698 2610 785 2674 clara
807 2611 911 2674 miuus
933 2617 1025 2676 sunt.

147 2726 234 2808 quod
257 2725 332 2788 mibi
355 2709 425 2789 eum
449 2745 565 2789 vanum
588 2731 653 2787 tum
677 2722 812 2788 delirum
836 2743 908 2788 esse
930 2725 1077 2790 videtur:

148 2862 210 2922 quo
233 2837 408 2903 referemus
431 2839 543 2904 enirn?
566 2839 641 2933 quid
665 2838 758 2904 nobis
782 2839 896 2904 certius
919 2840 999 2924 ipsis

72 2984 123 3031 roo
147 2954 295 3024 sensibus
317 2972 389 3019 esse
411 2960 534 3038 potest,
560 2955 612 3036 qui
634 2975 710 3021 vera
735 2977 774 3022 ac
796 2955 877 3020 falsa
899 2960 1074 3022 notemus?

145 3078 312 3160 praeterea
335 3089 435 3152 qnare
459 3070 627 3152 quisquam
650 3072 751 3155 magis
775 3071 882 3136 omnis
904 3071 997 3136 tollat

54 3239 57 3246 .
145 3195 177 3255 et
196 3188 275 3253 velit
297 3185 421 3250 ardoris
443 3191 591 3250 naturam
613 3186 759 3267 linquere
781 3186 904 3263 solam,

146 3323 241 3387 quam
263 3306 359 3381 neget
381 3317 453 3365 esse
475 3299 582 3382 ignis,
607 3300 733 3381 quidvis
756 3307 862 3366 tamen
887 3319 958 3365 esse
982 3300 1165 3382 relinquat?

146 3436 251 3496 aequa
273 3414 396 3480 videtur
419 3414 502 3478 enim
525 3415 685 3479 dementia
708 3415 814 3479 dicere
837 3419 1022 3496 utrumque.

72 3550 121 3598 705
189 3527 411 3610 Quapropter
434 3528 487 3609 qui
510 3527 673 3592 materiem
698 3547 803 3593 rerum
827 3546 898 3593 esse
916 3533 1068 3611 putarunt
1094 3563 1097 3572 ·

144 3643 253 3725 ignem
275 3646 370 3721 atque
393 3642 521 3722 exigui
545 3661 698 3708 summam
720 3642 895 3708 consistere
917 3662 1034 3727 posse,

145 3764 177 3824 et
200 3757 252 3840 qui
274 3757 464 3841 principium
486 3759 660 3843 gignundis
682 3765 759 3822 ae'ra
782 3753 874 3823 rebus

146 3873 358 3950 constituere,
381 3877 436 3935 aut
458 3893 599 3940 umorem
623 3874 831 3957 quicumque
854 3879 1005 3958 putarunt

144 3988 266 4070 tingere
288 4006 340 4054 res
363 3988 468 4072 ipsum
490 4007 548 4072 per
569 4009 625 4066 sc,
648 3993 803 4053 terramve
826 4007 935 4055 creare

148 4258 198 4306 680
218 4257 367 4308 descendere
392 4257 405 4326 ΙΙ
436 4259 486 4306 683
505 4265 617 4306 crearet.
638 4255 652 4326 Η
682 4258 732 4306 690
751 4258 868 4322 iquenem
892 4255 905 4327 ΙΙ
938 4257 1158 4309 6941aebet'uctat
1180 4255 1194 4328 Η
1221 4261 1269 4309 703

148 4341 247 4408 quiduis
266 4346 404 4397 omissum.
426 4343 438 4414 lt
462 4347 510 4396 708
529 4351 665 4412 putantur·
1084 4399 1103 4430 ι
