3266 4994
325 441 331 451 .
357 383 416 448 158
900 375 929 440 V

353 569 415 630 quo
437 546 540 627 magis
562 546 613 611 hic
633 548 746 611 merito
769 546 863 612 nobis
887 547 966 611 deus
989 565 1060 612 esse
1082 547 1229 632 videtur,

296 683 328 731 ao
352 682 392 727 er
416 682 478 743 quo
501 681 585 726 nuno
609 661 704 727 etiam
728 679 785 744 per
806 681 943 743 magnas
965 660 1067 726 didita
1088 663 1192 746 gentis

353 775 461 842 dulcia
483 776 680 859 permulcent
701 775 825 840 animos
849 776 971 841 solacia
992 776 1099 842 vitae.

352 891 497 957 Herculis
519 891 673 956 antistare
696 895 803 955 autern
827 890 855 954 si
876 891 964 956 facta
985 891 1134 975 putabis,

351 1007 479 1090 longius
502 1029 521 1071 a
542 1026 621 1072 vera
642 1005 739 1070 multo
763 1005 888 1071 ratione
910 1006 1032 1072 ferere.

353 1122 429 1204 quid
451 1123 632 1186 Nemeaeus
654 1119 738 1186 enim
761 1120 854 1185 nobis
877 1141 961 1186 nunc
982 1141 1119 1203 magnus
1140 1121 1247 1186 hiatus

295 1256 327 1304 aa
352 1235 407 1300 ille
428 1236 532 1300 leonis
555 1235 684 1300 obesset
705 1241 737 1300 et
758 1236 893 1302 horrens
915 1235 1072 1302 Arcadius
1095 1235 1178 1301 sus?

350 1351 489 1433 denique
513 1351 589 1432 quid
614 1350 730 1416 Cretae
752 1357 863 1416 taurus
885 1353 1095 1435 Lernaeaque
1117 1352 1216 1436 pestis

351 1467 455 1554 hydra
476 1467 641 1532 venenatis
663 1472 773 1550 posset
795 1466 916 1531 vallata
939 1467 1106 1532 colubris?

353 1580 469 1664 quidve
491 1583 661 1665 tripectora
683 1587 730 1645 ter
752 1581 871 1662 gemini
894 1583 942 1646 vis
966 1583 1130 1667 Geryonai

351 1703 384 1762 et
405 1697 570 1761 Diomedis
593 1697 667 1777 equi
690 1696 846 1780 spirantes
869 1696 1002 1762 naribus
1023 1697 1155 1779 ignem,

295 1831 326 1878 31
353 1810 514 1876 Thracam
537 1811 760 1892 Bistoniasque
782 1811 897 1894 plagas
920 1816 1015 1892 atque
1038 1812 1160 1876 Ismara
1182 1817 1332 1896 propter,

295 1947 328 1992 ao
353 1931 441 1991 tanto
465 1945 562 2009 opere
585 1925 770 2002 officerent,
787 1931 818 1989 et
840 1945 918 1990 aves
940 1924 1132 2009 Stymphala
1155 1926 1325 1992 colentes?

296 2062 327 2107 aa
354 2060 514 2123 aureaque
537 2040 751 2124 Hesperidum
774 2059 907 2104 servans
930 2040 1086 2124 fulgentia
1108 2042 1216 2125 mala,

353 2174 468 2237 asper,
486 2155 604 2220 acerba
626 2162 740 2235 tuens,
756 2155 889 2219 immani
911 2174 1046 2239 corpore
1069 2175 1202 2240 serpens

353 2268 478 2333 arboris
501 2269 667 2351 amplexus
690 2267 823 2352 stirpem
847 2269 923 2350 quid
946 2268 1084 2350 denique
1108 2271 1237 2336 obesset

295 2403 327 2450 aa
352 2387 482 2467 propter
504 2384 689 2448 Atlanteum
712 2384 787 2448 litus
808 2383 990 2468 pelagoque
1013 2403 1151 2468 sonora,

353 2517 416 2579 quo
440 2515 544 2578 neque
566 2502 674 2562 noster
696 2499 765 2563 adit
787 2499 957 2581 quisquam
979 2516 1040 2563 nec
1062 2499 1219 2565 barbarus
1241 2499 1367 2565 audet?

251 2610 254 2614 ’
354 2617 460 2677 cetera
482 2610 524 2676 de
545 2632 663 2695 genere
687 2613 748 2679 hoc
770 2634 855 2696 qnae
878 2619 951 2678 sunt
973 2619 1122 2697 portenta
1144 2620 1333 2699 perempta,

354 2727 400 2791 sei
422 2745 488 2789 non
510 2726 594 2791 vieta
616 2728 738 2812 forent,
756 2729 832 2810 quid
854 2725 984 2792 tandem
1007 2727 1082 2792 viva
1103 2728 1285 2793 nocerent?

353 2840 399 2903 nil
407 2845 418 2914 ’,
435 2845 470 2904 ut
491 2840 606 2923 opinor
619 2866 627 2904 r
642 2842 687 2906 ita
710 2840 754 2905 ad
776 2842 924 2906 satiatem
946 2848 1031 2906 terra
1053 2842 1191 2906 ferarum

295 2975 328 3020 ro
353 2953 554 3018 nuncetiam
577 2955 669 3018 scatit
690 2962 722 3020 et
744 2954 869 3040 trepido
892 2961 1011 3020 terrore
1035 2957 1158 3040 repleta
1180 2963 1229 3022 est

353 3089 412 3152 per
433 3086 567 3131 nemora
589 3087 628 3132 ae
652 3073 776 3133 montes
797 3089 936 3150 magnos
959 3071 1120 3152 silvasque
1142 3070 1339 3153 profundas;

354 3201 437 3264 quae
459 3181 531 3246 loca
553 3182 675 3246 vitandi
697 3183 882 3267 plerumque
905 3189 954 3248 est
974 3190 1085 3249 nostra
1106 3191 1270 3268 potestas.

353 3304 386 3362 at
408 3296 471 3361 nisi
492 3303 695 3380 purgatumst
716 3304 847 3382 pectus,
866 3319 948 3381 quae
970 3299 1096 3383 proelia
1118 3300 1211 3364 nobis

352 3417 449 3493 atque
471 3412 614 3496 pericula
637 3418 733 3478 tumst
754 3412 891 3494 ingratis
913 3413 1160 3478 insinuandum!

295 3544 328 3590 45
354 3531 496 3606 quantae
518 3533 584 3592 tum
608 3527 757 3592 scindunt
777 3527 938 3592 hominem
962 3526 1151 3612 cuppedinis
1173 3546 1264 3593 acres

352 3639 523 3703 sollicitum
546 3661 664 3720 curae,
682 3643 859 3724 quantique
882 3643 1016 3726 perinde
1039 3641 1189 3706 timores!

353 3753 470 3834 quidve
494 3756 643 3839 superbia
665 3755 820 3840 spurcitia
843 3775 882 3819 ac
904 3754 1110 3839 petulantia?
1126 3765 1265 3837 quantas

354 3867 495 3932 efficiunt
517 3868 646 3934 clades!
664 3868 739 3951 quid
761 3868 856 3932 luxus
879 3867 1116 3950 desidiaeque?

350 3981 430 4048 haec
451 3981 547 4066 igitur
569 3983 624 4064 qui
646 3989 761 4047 cuncta
783 3981 948 4062 subegerit
970 4000 1010 4047 ex
1032 3984 1204 4067 animoque

358 4255 388 4302 a1
404 4252 517 4303 Thracia
537 4252 550 4320 ΙΙ
571 4257 604 4304 30
617 4252 691 4302 nobis
704 4252 834 4317 tymphala
847 4251 861 4321 Η
876 4257 909 4304 33
922 4256 1031 4308 acerban
1051 4253 1065 4324 ΙΙ
1086 4258 1119 4304 34
1132 4255 1222 4318 stirpes
1240 4251 1255 4324 ΙΙ
1276 4257 1309 4304 35
1323 4255 1454 4306 atianeum
1467 4257 1482 4327 ΙΙ

357 4340 493 4406 pelagique
511 4356 611 4391 severa.
633 4337 648 4408 Η
668 4341 700 4390 38
717 4339 766 4390 Sed
786 4339 799 4408 Η
819 4341 905 4392 vincta
923 4339 938 4413 ΙΙ
958 4345 992 4391 44
1010 4351 1069 4393 sunt
1088 4340 1101 4410 ΙΙ
1122 4345 1155 4392 45
1175 4343 1329 4406 cuppedines
