3266 4994
346 373 407 437 100
883 365 928 432 ΠΙ

386 540 427 603 Et
449 539 601 621 quoniam
623 544 689 604 1616
713 539 864 604 sentimus
887 559 1021 624 corporo
1043 539 1150 606 inesse

269 674 319 722 635
345 654 474 719 vitalem
497 675 626 720 sensum
649 659 680 720 61
702 660 802 720 toturn
824 673 897 720 6666
920 655 1061 721 animale
1083 656 1250 740 videmus,

344 770 372 834 si
394 770 497 834 subito
521 769 658 834 medium
682 768 779 834 celeri
801 769 994 853 praeciderit
1015 771 1078 835 ictu

342 883 390 948 vis
413 884 542 966 aliqua,
558 890 593 948 ut
614 904 739 950 sorsum
761 892 885 969 partem
907 893 1056 950 secernat
1077 891 1262 971 utramque,

342 999 507 1082 dispertita
529 1000 639 1081 procul
661 1000 758 1064 dubio
783 1020 910 1080 quoque
932 1000 980 1064 vis
1002 1000 1122 1064 animai

343 1119 375 1177 61
395 1113 532 1178 discissa
554 1113 648 1178 simul
671 1133 742 1177 cum
764 1133 897 1197 corpore
921 1113 1120 1180 dissicietur.

268 1247 317 1294 646
343 1233 377 1291 61
399 1228 485 1308 quod
507 1228 660 1293 scinditur
684 1235 715 1292 61
737 1228 837 1311 666116
861 1226 996 1293 discedit
1017 1228 1050 1292 in
1072 1229 1175 1306 ullas,

343 1341 482 1426 scilicet,
498 1348 659 1432 aeternam
682 1341 745 1407 sibi
766 1351 916 1406 naturam
939 1343 1051 1407 abnuit
1075 1362 1166 1410 esso.

342 1456 505 1522 falciferos
528 1463 703 1521 memorant
724 1477 833 1522 currus
855 1457 1021 1522 abscidere
1044 1459 1187 1522 membra

344 1593 442 1655 saepe
464 1573 510 1637 ita
533 1573 574 1638 dc
597 1573 700 1637 subito
723 1572 880 1655 permixta
904 1571 1001 1638 caede
1024 1572 1179 1656 calentis,
1318 1613 1346 1640 a·

343 1694 376 1750 ut
398 1693 534 1753 tremere
556 1688 590 1750 16
612 1694 697 1752 16666
718 1688 863 1754 videatur
885 1689 925 1752 ab
948 1689 1080 1753 artubus
1103 1687 1137 1751 id
1160 1687 1246 1770 quod

268 1823 317 1869 645
343 1801 462 1867 decidit
483 1802 663 1879 abscisum,
681 1820 751 1864 cum
776 1822 864 1866 mens
887 1809 993 1866 tamen
1016 1809 1113 1896 atque
1135 1802 1271 1868 hominis
1293 1803 1342 1868 vis

343 1917 519 1982 mobilitate
542 1917 618 1981 mali
641 1937 704 1980 666
729 1917 795 1996 quit
818 1917 934 1981 sentire
957 1917 1120 1982 dolorem:

342 2038 374 2098 61
396 2034 495 2098 666161
517 2034 550 2095 16
572 2051 698 2115 pugnae
722 2031 826 2095 studio
851 2032 937 2112 quod
959 2031 1067 2095 dedita
1089 2039 1180 2097 me'ns
1203 2039 1270 2117 est,

268 2159 272 2166 '
344 2167 476 2231 corpore
498 2147 620 2228 reliqtto
643 2166 786 2229 pugnam
809 2145 991 2226 caedesque
1013 2145 1167 2230 petessit,

343 2283 402 2326 nec
423 2269 509 2327 16661
530 2261 682 2326 amissam
705 2260 832 2324 laevam
855 2278 925 2323 cum
947 2260 1087 2343 tegmine
1114 2281 1212 2346 saepe

269 2396 319 2443 656
342 2377 425 2442 16166
448 2396 547 2458 equos
570 2376 723 2440 abstraxe
745 2379 832 2438 66166
854 2374 1018 2456 falcesque
1041 2395 1197 2460 rapaces,

345 2510 403 2556 666
426 2490 580 2555 cecidisse
605 2489 688 2552 61166
711 2487 876 2566 dextram,
893 2509 964 2553 curn
987 2491 1113 2555 scandit
1136 2491 1302 2556 61166161.

343 2605 419 2670 inde
442 2605 523 2668 alius
547 2609 679 2668 conatur
700 2601 849 2685 adempto
873 2624 1003 2687 surgere
1026 2625 1140 2682 crure,

344 2740 414 2785 cum
438 2695 554 2800 digitos
576 2718 677 2801 agitat
698 2725 828 2803 propter
849 2718 1059 2782 moribundus
1081 2719 1168 2783 humi
1190 2739 1267 2803 666.

344 2840 376 2898 61
398 2840 493 2917 66661
515 2832 803 2898 abscisumcalido
827 2832 1016 2913 viventeque
1038 2840 1147 2899 trunco

270 2966 320 3014 655
344 2953 451 3013 servat
472 2948 557 3011 humi
580 2948 697 3012 voltum
721 2950 850 3014 vitalem
873 2948 1049 3029 oculosque
1071 2949 1231 3033 patentis,

343 3063 445 3126 donec
466 3062 618 3143 reliquias
641 3063 759 3127 animai
782 3063 924 3127 reddidit
946 3083 1076 3129 omnes.

344 3178 420 3258 quin
443 3177 537 3240 etiam
560 3175 617 3239 tibi
640 3176 687 3253 si,
704 3177 814 3260 lingua
836 3178 1001 3256 vibrante,
1016 3178 1147 3243 micanti

342 3299 522 3375 serpentem
545 3288 667 3371 cauda,
686 3309 703 3354 6
725 3311 858 3374 6666666
882 3313 1015 3377 6666666
1038 3293 1216 3375 utrimque,

343 3407 384 3470 sit
404 3406 529 3470 libitum
551 3405 585 3468 iu
607 3405 723 3470 nrultas
746 3407 847 3491 partis
871 3407 1026 3472 discidere
1049 3406 1155 3483 ferro,

268 3539 318 3587 666
344 3521 451 3585 omnia
474 3521 537 3584 iam
560 3541 683 3585 sorsum
706 3541 817 3586 666666
841 3522 954 3586 666166
976 3520 1095 3585 6666611

284 3653 286 3656 ·
344 3635 473 3699 volnere
496 3634 606 3698 tortari
628 3641 658 3699 et
680 3642 796 3701 terram
819 3653 1033 3718 conspargere
1055 3634 1152 3718 tabo,

343 3747 448 3832 ipsam
470 3769 567 3831 seque
590 3755 674 3815 rotro
696 3757 821 3834 partem
843 3755 952 3832 petere
976 3765 1031 3810 ore
1054 3748 1213 3832 priorem,

342 3863 483 3929 volneris
506 3864 630 3930 ardenti
653 3870 687 3929 ut
707 3883 816 3928 morsu
839 3867 961 3945 premat
982 3861 1046 3926 icta
1069 3862 1233 3928 dolorem.

343 4045 544 4058 ——-——--

332 4162 397 4213 ’644
416 4167 448 4214 ad
467 4165 570 4214 artubus
599 4159 612 4231 11
640 4165 689 4212 645
709 4161 808 4210 Dicidit
837 4157 851 4230 [Ι
880 4165 929 4214 641
949 4163 1024 4214 simul
1054 4160 1067 4235 Η
1097 4165 1147 4214 650
1166 4172 1221 4214 6616
1246 4159 1259 4231 Η
1287 4165 1335 4213 651
1356 4162 1432 4212 16161.
1452 4157 1466 4230 Η

347 4253 395 4300 657
415 4251 540 4299 minanti.
562 4245 575 4317 11
596 4252 645 4298 658
665 4249 792 4313 Serpentis
805 4253 885 4303 caude
900 4267 1005 4317 procero
1027 4249 1040 4320 11
1059 4261 1209 4312 utrumque.
1231 4247 1244 4317 Η
1266 4253 1316 4300 662
1336 4257 1431 4300 6666166
1453 4245 1465 4316 Η

347 4340 397 4388 663
416 4338 521 4385 dolore.
1053 4345 1062 4362 ·
