3266 4994
699 357 758 422 IIII

167 528 276 593 omnia
299 545 383 609 quae
406 527 523 591 eireurn
547 526 681 610 feriunt,
699 529 868 609 sonituque
891 531 1029 595 cientur.

123 683 129 696 ·
168 648 202 707 at
224 642 394 707 simulacra
416 641 478 706 viis
501 639 636 706 dereetis
659 642 767 706 omnia
789 644 922 708 tendunt

92 777 143 822 em
168 761 201 818 ut
224 762 297 822 sunt
318 755 417 820 missa
439 755 558 833 seme13
575 775 639 837 qua
661 763 794 840 prepter
816 777 945 822 eernere
967 778 1060 824 nemo

167 889 297 954 saepem
320 870 404 934 intra
423 870 505 953 potis
528 875 595 953 est,
612 877 646 935 at
666 891 761 938 voees
785 873 931 956 aeeipere
952 879 1060 938 extra.

167 991 325 1050 ettamen
348 985 421 1068 ipsa
445 1003 569 1066 quoque
592 986 691 1069 haee,
709 987 781 1050 dum
805 988 920 1054 transit
942 989 1052 1054 elausa
1075 989 1259 1073 domorum,

166 1121 228 1165 vox
252 1098 437 1183 optunditur
459 1104 555 1180 atque
577 1100 664 1164 auris
687 1100 822 1187 confusa
843 1109 1011 1186 penetrat,
1035 1173 1040 1191 x

166 1221 197 1280 et
219 1215 354 1279 sonitum
379 1213 482 1297 potius
505 1233 601 1294 quam
624 1215 857 1280 verba¹audire
879 1217 1043 1281 videmur.

88 1353 140 1398 615
208 1332 296 1412 Nee,
313 1329 368 1410 qui
391 1328 543 1392 sentimus
565 1349 694 1412 sucum,
711 1329 822 1411 lingua
844 1337 940 1412 atque
962 1333 1104 1416 palatum

166 1442 343 1529 pluseuium
366 1442 484 1506 habent
505 1442 539 1506 in
562 1461 596 1506 se
620 1443 750 1508 rationis
773 1444 846 1527 plus
868 1465 1049 1529 operaeve.

164 1559 321 1644 principio
345 1577 455 1622 sucum
479 1556 635 1621 sentimus
657 1557 690 1620 in
713 1579 788 1636 ore,
805 1559 908 1624 eibum
931 1580 1003 1623 eum

164 1671 348 1767 mandendo
372 1671 598 1755 exprimimus,
615 1691 676 1736 eeu
696 1672 826 1757 plenam
849 1674 1017 1758 spongiam
1040 1675 1137 1756 aquai

163 1788 265 1869 siquis
287 1786 368 1850 sorte
390 1806 486 1850 manu
509 1805 655 1868 premere
679 1807 717 1852 ae
740 1788 862 1853 sinuare
885 1789 1006 1872 eoe'pit.

87 1926 138 1971 uae
165 1903 238 1966 inde
261 1900 347 1984 quod
370 1900 575 1984 exprimimus
598 1921 655 1986 per
677 1903 787 1967 eaulas
810 1923 903 1967 omne
926 1904 1028 1988 palati

162 2016 278 2081 diditur
301 2021 332 2080 et
353 2035 447 2081 rarae
470 2017 624 2100 perplexa
647 2016 805 2081 feramina
825 2018 974 2100 linguae.

162 2132 224 2196 hoe
245 2131 300 2194 ubi
322 2130 406 2196 levia
428 2137 500 2196 sunt
522 2132 682 2196 manantis
705 2151 842 2215 corpora
865 2133 953 2210 suci,

162 2246 305 2311 suaviter
327 2244 486 2326 attingunt
508 2251 540 2310 et
561 2245 701 2310 suaviter
723 2247 830 2322 emnia
852 2251 1009 2330 tractant,
1112 2325 1123 2341 ·

159 2360 267 2424 umida
288 2359 411 2441 linguai
433 2359 550 2422 eireum
572 2358 710 2424 sidentia
731 2360 871 2442 templa:

84 2497 134 2543 625
160 2482 193 2539 at
216 2482 325 2540 eontra
348 2478 491 2556 pungunt
513 2493 642 2536 sensum
664 2473 871 2553 lacerantque
893 2481 1021 2549 enorta,

161 2595 279 2672 quanto
304 2563 450 2671 quaeque
472 2586 578 2667 magis
600 2592 673 2650 sunt
695 2587 868 2670 asperitate
889 2588 1033 2670 repleta.

160 2702 277 2768 deinde
298 2702 446 2785 voluptas
470 2706 519 2764 est
540 2720 558 2766 e
581 2720 656 2764 enee
679 2701 741 2766 fine
765 2701 883 2785 palati:

159 2838 231 2884 eum
253 2834 330 2880 vero
354 2815 502 2880 deorsum
524 2835 583 2898 per
604 2813 715 2880 fauces
737 2815 979 2899 praecipitavit,

158 2930 250 2995 nulia
272 2929 419 3013 voluptas
443 2935 510 3013 est,
528 2930 601 2994 dnm
626 2930 743 3010 diditur
765 2930 868 2995 omnis
890 2931 922 2994 in
945 2938 1051 2996 artus.

81 3071 134 3116 eae
161 3065 220 3111 nee
243 3045 342 3110 refert
364 3045 533 3127 quiequam
557 3067 619 3127 quo
641 3045 726 3110 victu
749 3065 863 3128 eorpus
886 3044 1008 3129 alatur,

159 3161 233 3225 dum
256 3160 351 3224 modo
374 3160 460 3241 quod
482 3160 591 3244 capias
614 3167 798 3226 eoneoetum
822 3158 931 3224 didere
953 3159 1059 3244 pessis

159 3275 288 3339 artubus
311 3278 343 3338 et
364 3273 520 3339 stomachi
541 3275 719 3340 umiduium
741 3293 868 3340 servare
890 3280 1051 3338 tenorem.

197 3391 288 3454 Nune
310 3387 383 3452 aliis
405 3389 488 3455 alius
511 3390 565 3471 qui
587 3390 629 3454 sit
648 3389 747 3454 eibns
760 3389 871 3452 uniens
894 3393 989 3470 aptus

161 3504 349 3588 expediam,
366 3523 525 3587 quareve,
542 3503 614 3568 aliis
637 3501 723 3584 qnod
746 3501 835 3566 triste
858 3505 889 3564 et
910 3506 1101 3578 amarnmst‚

79 3639 131 3688 635
158 3619 218 3683 hoe
239 3624 347 3682 tamen
370 3638 442 3684 esse
464 3619 539 3684 aliis
559 3619 662 3702 possit
684 3615 833 3699 perdulce
855 3613 975 3691 videri,

158 3736 308 3812 tantaque
329 3731 363 3796 in
385 3732 434 3796 his
456 3731 551 3796 rebus
574 3730 724 3797 distantia
746 3729 981 3812 differitasque,

149 3850 191 3914 nt
214 3847 300 3927 qnod
323 3845 366 3910 ali
389 3846 478 3910 uibus
501 3852 550 3911 est
571 3847 641 3912 aliis
663 3845 732 3910 tuat
754 3864 827 3910 aere
849 3863 1028 3923 venenum3

161 4058 211 4104 668
232 4056 333 4105 fuerunt
360 4053 373 4122 Η
404 4055 453 4103 609
474 4053 511 4102 vis
536 4050 549 4120 ii
573 4056 620 4101 611
642 4052 722 4116 Saepe
740 4069 815 4116 supra
840 4050 854 4119 Η
880 4055 929 4101 612
949 4053 1082 4100 domorum
1101 4051 1241 4102 omissam.
1263 4045 1275 4115 il

161 4144 211 4191 615
232 4141 288 4192 Hoe
308 4140 322 4210 ΙΙ
343 4145 392 4191 616
407 4156 499 4204 opere.
521 4137 534 4207 Η
555 4142 604 4188 622
621 4148 750 4188 manantes
770 4137 784 4207 ΙΙ
805 4141 854 4186 624
868 4139 969 4188 Umidai
983 4139 1071 4201 lingua
1091 4137 1104 4204 ΙΙ
1124 4135 1242 4185 sudantia
1262 4132 1275 4201 Η

160 4231 208 4278 631
230 4243 331 4292 posses.
361 4225 374 4293 tt
404 4231 453 4277 632
474 4227 587 4275 umidmn
615 4225 627 4291 Η
658 4227 708 4275 633
728 4235 755 4276 ut
772 4227 917 4276 videamus.
943 4223 956 4292 Η
984 4227 1033 4274 636
1054 4225 1081 4271 in
1100 4223 1240 4273 amissam.
1261 4223 1273 4288 tt

160 4323 212 4364 est.
239 4313 252 4383 ΙΙ
278 4319 325 4364 637
346 4316 402 4364 aliis
421 4315 491 4364 cibus
517 4313 530 4383 Η
556 4316 623 4364 frunt
