3236 5020
353 367 396 429 30
910 359 925 424 1

348 531 525 616 principio,
548 550 653 595 rerum
676 549 772 610 quom
795 529 872 593 dicit
895 530 1176 614 homoeomerian,

274 663 325 711 885
351 665 447 728 8888,
470 644 638 728 videlicet,
662 663 681 708 e
702 643 855 727 pauxillis
879 649 975 725 atque
998 647 1127 710 minutis

352 759 478 825 ossibus
501 759 552 823 hic
575 763 606 822 81
628 758 669 824 de
691 759 843 842 pauxillis
866 764 962 840 atque
985 759 1113 824 minutis

349 872 524 938 visceribus
546 874 652 937 viscus
673 872 762 955 gigni
786 893 996 956 sanguenque
1017 873 1119 938 creari

349 986 516 1069 sanguinis
537 986 620 1051 inter
643 1005 678 1051 88
700 986 809 1050 multis
833 987 1011 1052 coenntibu'
1034 987 1131 1070 guttis

351 1121 391 1164 ex
414 1100 548 1182 aurique
571 1105 662 1184 putat
684 1100 774 1165 micis
797 1101 971 1167 consistere
995 1120 1091 1183 posse

274 1235 325 1282 840
350 1236 463 1280 aurum
485 1221 518 1279 81
540 1216 579 1286 de
602 1215 694 1280 terris
715 1220 832 1279 terram
856 1233 1062 1280 concrescere
1085 1215 1214 1299 parvis,

349 1330 479 1412 ignibus
501 1348 542 1394 cx
565 1327 666 1411 ignis,
690 1349 833 1394 umorem
856 1330 1020 1395 umoribus
1047 1348 1140 1412 esse,

351 1451 457 1510 cetera
480 1442 637 1508 consimili
659 1443 749 1528 lingit
771 1445 894 1510 ratione
916 1449 1091 1528 putatque.

349 1564 537 1624 nontamen
559 1577 630 1622 esse
653 1557 720 1622 ulla
742 1557 828 1623 idem
851 1579 890 1623 ex
913 1563 1004 1642 parte
1026 1557 1059 1620 in
1081 1555 1177 1621 rebus
1198 1557 1297 1621 inane

350 1672 516 1754 concedit,
540 1692 645 1754 neque
667 1673 853 1757 corporibus
876 1673 971 1737 linem
994 1691 1066 1736 esse
1089 1671 1259 1736 secandis.

275 1811 325 1857 845
351 1807 450 1870 quare
472 1787 504 1850 in
527 1792 660 1866 utraque
683 1786 759 1852 mihi
781 1788 900 1871 pariter
922 1785 1048 1850 ratione
1070 1784 1195 1850 videtur

351 1921 460 1970 errare
482 1908 579 1982 atque
600 1901 667 1984 illi,
691 1921 789 1985 supra
813 1922 893 1984 quos
916 1899 1055 1964 diximus
1079 1903 1175 1962 ante.

348 2016 433 2083 adde
457 2015 542 2097 quod
565 2015 717 2080 inbecilla
740 2016 833 2081 nimis
856 2015 1032 2100 primordia
1054 2013 1163 2096 fingit;

350 2135 376 2199 si
399 2129 574 2216 primordia
597 2136 689 2206 sunt,
714 2130 810 2195 simili
833 2149 915 2211 quae
937 2129 1084 2213 praedita
1107 2133 1255 2192 constant

351 2253 465 2312 natura
487 2252 582 2326 atque
605 2245 696 2328 ipsae
718 2263 769 2308 res
792 2248 886 2326 sunt,
909 2263 1077 2325 aequeque
1098 2244 1247 2309 laborant

275 2386 326 2432 858
352 2369 384 2428 81
405 2367 560 2444 pereunt,
583 2376 689 2438 neque
711 2358 753 2422 ab
777 2357 873 2421 exitio
896 2378 948 2423 res
969 2359 1037 2422 ulla
1057 2359 1219 2425 refrenat.

350 2497 424 2541 nam
448 2473 523 2555 quid
546 2472 579 2535 in
601 2491 757 2555 oppressu
779 2471 885 2536 valido
909 2471 1036 2537 durabit
1059 2494 1190 2551 eorum,

350 2596 383 2654 ut
405 2595 538 2653 mortem
561 2585 714 2668 effugiat,
738 2586 793 2649 leti
817 2583 876 2651 sub
901 2586 1051 2654 dentibus
1073 2589 1180 2672 ipsis‘?

349 2705 454 2785 ignia,
472 2723 513 2765 an
529 2721 639 2783 umor,
657 2719 698 2764 an
714 2702 818 2764 aura?
835 2699 909 2781 quid
925 2702 1063 2766 horum?
1078 2701 1250 2784 sanguen?
1267 2720 1321 2776 os,
1339 2700 1476 2764 aurum?

350 2817 413 2899 nil,
438 2823 472 2880 ut
495 2815 628 2898 opinor,
652 2815 707 2878 ubi
729 2834 770 2879 ex
793 2836 898 2897 aequo
921 2836 973 2881 res
996 2816 1138 2881 lirnditus
1162 2816 1264 2882 omnis

275 2954 325 3000 855
352 2938 418 2996 tam
440 2929 585 2993 mortalis
607 2928 666 2992 erit
689 2949 785 3009 quam
808 2949 891 3011 quae
914 2930 1087 2995 manifesta
1110 2929 1253 2996 videmus

350 3065 391 3112 ex
413 3043 515 3108 oculis
538 3044 653 3108 nostris
677 3043 787 3125 aliqua
809 3045 839 3108 vi
862 3046 947 3110 victa
969 3046 1096 3127 perire.

349 3166 382 3224 at
405 3174 509 3239 neque
533 3157 692 3222 reccidere
715 3159 757 3223 ad
781 3159 879 3222 nilum
902 3179 953 3223 res
976 3179 1071 3242 posse
1094 3177 1198 3240 neque
1221 3163 1327 3221 autem

351 3292 495 3339 crescere
518 3272 557 3336 de
579 3272 644 3337 nilo
667 3279 766 3338 testor
788 3293 840 3338 res
863 3280 939 3338 ante
962 3274 1137 3356 probatas.

349 3395 518 3473 praetcrea
541 3387 691 3467 quoniam
715 3388 805 3451 cibus
828 3394 927 3470 auget
949 3405 1063 3470 corpus
1087 3385 1227 3463 alitque,

240 3566 247 3576 .
274 3525 325 3571 888
351 3504 432 3569 scire
453 3502 530 3567 11881
552 3502 645 3567 nobis
668 3519 768 3566 venas
792 3506 824 3565 et
847 3519 993 3583 sanguen
1015 3507 1047 3563 81
1069 3517 1144 3561 8888

350 3731 417 3796 sive
440 3731 528 3796 cibos
551 3727 654 3796 omnis
678 3728 847 3792 commixto
872 3742 1005 3806 corporo
1026 3722 1133 3787 dicent

351 3864 423 3912 8888
445 3851 478 3910 81
500 3844 621 3908 habere
642 3843 676 3905 in
699 3861 734 3906 88
758 3856 927 3904 nervorum
951 3855 1087 3920 corpora
1109 3857 1211 3922 parva

356 4027 555 4038 ...ἒ-,-

351 4149 402 4195 834
422 4159 498 4207 quem
527 4141 539 4208 Η
569 4143 619 4189 835
638 4141 669 4188 de
698 4137 712 4208 ΙΙ
741 4142 789 4187 1137
810 4153 980 4201 sanguemqnc
1005 4139 1019 4210 Η
1050 4145 1099 4190 843
1120 4143 1178 4191 iden
1198 4149 1268 4204 parte
1297 4134 1310 4206 ΙΙ
1340 4141 1390 4186 846
1410 4136 1478 4185 suira

352 4232 419 4294 quod
434 4228 448 4298 ll
463 4232 511 4277 847
527 4228 648 4276 inbecilla
662 4225 675 4296 Η
693 4229 742 4275 852
757 4225 852 4274 efficiat
866 4223 881 4293 ΙΙ
895 4229 944 4275 853
958 4229 1060 4291 sanguis
1074 4245 1105 4277 au
1119 4243 1163 4275 88.
1179 4227 1192 4294 ΙΙ
1207 4241 1297 4275 altrum
1309 4224 1448 4275 omissum.
1463 4217 1477 4288 ΙΙ

355 4322 406 4367 860
425 4316 533 4378 sanguin
555 4313 568 4383 ΙΙ
589 4318 637 4364 861
659 4315 719 4364 Sine
740 4313 752 4382 ll
774 4331 832 4363 core
852 4312 866 4383 ΙΙ
886 4317 935 4364 862
956 4317 1027 4366 Esset
1044 4316 1137 4364 babere
