3236 5020
349 371 392 436 60
901 371 930 434 11

352 558 452 621 quare
475 561 594 623 magna
616 542 710 606 deum
732 546 833 604 mater
854 545 1018 621 materque
1041 539 1179 604 ferarum

350 658 381 718 et
402 654 500 718 nostri
523 654 668 738 genetrix
690 655 773 720 haec'
793 654 879 720 dicta
901 659 949 720 000
972 653 1115 737 corporis
1139 673 1224 718 una.

277 787 328 835 coo
396 768 488 832 Hanc
509 774 632 832 veteres
655 769 786 834 Graium
810 769 894 834 docti
919 768 1062 834 cecinere
1085 773 1199 850 poetae

350 996 479 1060 sedibus
500 997 533 1060 in
556 1018 650 1062 curru
672 997 800 1080 biiugos
823 996 947 1077 agitare
969 995 1100 1078 leones,

350 1111 434 1175 aeris
455 1111 488 1175 in
512 1111 615 1195 spatio
639 1132 788 1192 magnam
811 1110 950 1194 pendere
974 1109 1126 1174 docentes

349 1223 514 1302 tellurem,
531 1245 633 1306 neque
657 1245 751 1308 posse
774 1227 806 1288 in
829 1231 914 1289 terra
937 1225 1048 1289 sistere
1070 1232 1207 1289 terram.

349 1337 522 1403 adiunxere
544 1340 650 1423 feras,
667 1340 742 1421 quia
765 1339 909 1420 quamvis
932 1339 1031 1403 effera
1053 1339 1161 1422 proles

276 1471 325 1519 000
352 1451 466 1519 officiis
490 1453 586 1518 debet
607 1453 723 1517 molliri
745 1454 827 1518 victa
849 1458 1035 1536 parentum.

350 1561 528 1648 muralique
551 1573 648 1651 caput
670 1588 827 1632 summum
850 1569 978 1632 cinxere
1001 1587 1139 1644 corona,

351 1681 475 1745 eximiis
499 1658 618 1745 mnnita
640 1682 717 1746 locis
741 1683 816 1763 quia
838 1682 971 1747 sustinet
993 1682 1107 1762 urbes;

352 1816 415 1877 quo
438 1814 522 1858 nuno
544 1796 662 1879 insigni
682 1816 740 1879 per
761 1817 900 1878 magnas
922 1796 1069 1878 praedita
1091 1800 1193 1860 terras

350 1908 493 1972 horrifice
517 1908 618 1973 fertur
639 1910 765 1974 divinae
790 1910 898 1980 matris
921 1909 1050 1990 imago.

274 2043 325 2090 000
351 2023 431 2087 hano
453 2023 561 2088 variae
584 2033 696 2108 gentes
719 2025 849 2105 antiquo
872 2042 959 2086 more
983 2042 1146 2087 sacrorum

349 2137 479 2201 Idaeam
503 2138 641 2202 vocitant
663 2145 817 2213 matrem,
834 2137 1054 2220 Phrygiasque
1078 2143 1222 2203 catervas

351 2251 427 2314 dant
449 2252 598 2335 comites,
616 2254 691 2332 quia
712 2253 848 2335 primum
871 2271 910 2316 cx
933 2251 997 2315 illis
1020 2250 1136 2315 finibus
1159 2250 1258 2316 odunt

351 2385 407 2447 per
428 2371 581 2430 terrarum
605 2367 714 2430 orbem
737 2365 846 2449 fruges
868 2366 1013 2448 coepisse
1037 2365 1158 2430 creari.

350 2481 454 2563 gallos
477 2482 669 2563 attribuunt,
686 2481 782 2561 qnia,
799 2499 915 2544 numen
939 2480 991 2561 qui
1012 2481 1164 2544 violarint

275 2614 325 2661 615
351 2594 460 2660 matris
482 2601 513 2658 00
535 2595 654 2675 ingrati
676 2595 864 2678 genitoribu’
887 2595 949 2658 sint
970 2595 1110 2678 inventi,

351 2709 531 2792 significare
555 2710 666 2772 volunt
687 2709 838 2790 indignos
860 2729 931 2774 esso
954 2709 1133 2792 putandos,
1191 2707 1209 2772 '.

350 2824 456 2887 vivam
479 2824 663 2907 progeniem
688 2824 796 2905 quiin
819 2842 894 2888 oras
916 2824 1044 2887 luminis
1068 2823 1186 2886 edant.

351 2944 503 3021 tympana
525 2943 612 3003 tenta
634 2942 746 3002 tonant
768 2939 882 3022 palmis
904 2943 935 3002 00
958 2937 1105 3022 cymbala
1128 2938 1245 3004 circum

351 3071 511 3126 concava,
528 3053 761 3135 raucisonoque
784 3053 941 3116 minantur
961 3072 1081 3116 cornua
1102 3059 1216 3135 cantu,

277 3185 327 3232 620
353 3173 384 3230 et
407 3165 546 3248 Phrygio
569 3165 708 3230 stimulat
729 3187 860 3232 numero
883 3187 963 3231 cava
985 3168 1065 3233 tibia
1086 3167 1222 3250 mentia,

352 3280 480 3362 telaque
501 3287 726 3366 praeponant,
743 3282 872 3346 violenti
896 3283 988 3364 signa
1009 3282 1146 3358 furoris,

351 3394 495 3477 ingratos
518 3395 640 3461 animos
664 3401 759 3477 atque
781 3396 885 3482 impia·
901 3402 1034 3480 pectora
1048 3395 1141 3474 ‘volgi

352 3513 530 3572 conterrere
552 3517 638 3575 metu
662 3530 746 3592 quac
768 3512 892 3595 possint
914 3509 1042 3574 numini'
1064 3509 1180 3573 divae.

354 3640 431 3701 ergo
453 3642 524 3687 oum
547 3625 681 3705 primum
704 3645 839 3708 magnas
861 3625 987 3688 invecta
1009 3642 1067 3705 per
1088 3623 1175 3687 urbis

277 3755 327 3802 cas
354 3736 516 3802 munificat
537 3739 636 3803 tacita
657 3739 800 3802 mortalis
824 3743 912 3800 muta
933 3737 1055 3819 salute,

354 3869 428 3914 aere
450 3859 546 3934 atque
569 3859 699 3936 argento
723 3857 867 3916 sternunt
887 3851 946 3914 iter
968 3870 1062 3915 omne
1084 3850 1229 3930 viarum,

353 3964 495 4046 largifica
517 3966 598 4049 stipe
621 3965 781 4046 ditantes,
798 3964 996 4047 ninguntque
1018 3986 1163 4032 rosarum

359 4233 410 4280 605
431 4231 517 4280 moliri
539 4227 553 4297 ΙΙ
573 4232 623 4278 607
648 4229 688 4278 Ex
711 4229 769 4277 imis
789 4226 802 4294 Η
823 4232 873 4279 613
899 4231 972 4281 orbes
991 4228 1005 4300 Η
1026 4234 1076 4281 615
1099 4232 1175 4280 Matri
1200 4239 1225 4280 et
1247 4231 1328 4296 ingati
1349 4227 1363 4299 ΙΙ
1383 4231 1478 4280 inventi

356 4317 423 4366 sint.
445 4315 458 4383 ΙΙ
481 4318 531 4364 623
550 4316 653 4365 numine
674 4311 687 4383 Η
708 4318 758 4366 626
778 4317 813 4366 ite
831 4317 918 4368 omnis
935 4319 1034 4366 virum.
