3236 5020
689 411 703 475 1

70 653 82 676 .
130 591 196 646 tum
219 563 448 665 glacies'aeris
469 581 600 646 flamma
624 581 749 644 devicta
771 580 938 661 liquescit,

130 704 298 781 permanat
321 699 411 763 calor
433 703 603 778 argentum
622 694 852 778 penetraleque
874 692 996 773 frigus,

46 832 102 878 495
130 811 261 894 quando
284 818 453 892 utrumque
474 829 573 874 manu
595 809 769 874 retinentes
791 808 909 891 pocula
931 807 989 870 rite

129 927 289 990 sensimus
314 925 421 990 infuse
444 925 646 1009 lympharum
669 944 741 988 1010
763 942 921 1005 superne.

128 1059 233 1119 usque
256 1038 339 1104 adeo
363 1039 393 1102 in
418 1039 513 1104 rebus
535 1038 631 1103 solidi
653 1039 698 1101 nil
722 1057 794 1102 esse
816 1036 961 1102 videtur.

129 1153 187 1218 sed
212 1151 288 1233 quia
308 1172 384 1218 vcra
406 1159 513 1217 tamen
536 1153 617 1217 ratic
641 1158 820 1234 naturaque
844 1171 949 1216 rerum

132 1267 237 1350 cogit,
261 1266 359 1350 ades,
383 1268 496 1351 paucis
519 1269 594 1331 dnm
616 1268 760 1334 versibus
783 1266 995 1350 expediamus

47 1401 101 1448 500
128 1401 200 1446 0000
223 1401 262 1445 05
285 1401 368 1463 qnae
391 1382 494 1446 solide
518 1387 613 1464 atque
638 1389 770 1447 aeterne
795 1401 929 1465 corpore
951 1385 1116 1453 constent,

127 1495 252 1561 semina
275 1515 357 1576 quae
379 1494 747 1579 rerum-primordiaque
770 1515 841 1559 esse
864 1495 1036 1577 ducemus,

128 1609 215 1674 unde
239 1609 340 1674 omnis
363 1629 469 1674 rerum
492 1629 577 1672 nunc
598 1615 722 1673 constet
745 1629 867 1673 summa
890 1616 1019 1674 creata.

166 1721 328 1806 Principio
353 1723 503 1805 quoniam
525 1722 644 1806 duplex
667 1711 782 1786 natura
805 1723 941 1787 duarum

53 1921 55 1931 Ι
128 1834 294 1901 dissimilis
317 1856 422 1901 rerum
444 1838 540 1918 lunge
564 1843 713 1901 constare
735 1843 912 1922 repertast,

47 1960 100 2015 505
127 1949 289 2033 corporis,
313 1957 409 2032 atque
431 1950 587 2034 loci‚·res
608 1952 642 2015 in
666 1973 729 2037 quc
752 1973 898 2033 quaeque
925 1958 1101 2038 geruntur,

127 2083 199 2128 esse
221 2070 389 2146 utramque
412 2064 472 2130 sibi
494 2086 552 2149 per
575 2085 610 2131 se
632 2086 809 2150 puramque
833 2073 1016 2132 necessest.

123 2197 199 2242 nam
223 2198 444 2260 quacumque
467 2186 559 2244 vacat
582 2181 744 2265 spatium,
768 2180 856 2262 quod
879 2182 1170 2266 inanescamus,

126 2311 241 2375 corpus
264 2312 304 2370 ea
325 2315 388 2358 nnn
413 2300 481 2359 est:
506 2315 571 2376 qua
593 2317 688 2379 porro
712 2316 847 2378 cumque
871 2301 959 2361 tenet
982 2315 1018 2360 se

126 2385 243 2490 eorpus
253 2458 260 2484 ‚
284 2427 325 2472 05
346 2428 481 2473 vacuum
505 2429 710 2492 nequaquam
733 2416 858 2474 cunstat
880 2410 996 2474 inane.

46 2539 99 2584 510
126 2525 199 2583 sunt
220 2520 316 2603 igitur
339 2523 442 2586 solida
465 2544 503 2587 50
527 2523 596 2587 01110
619 2524 706 2587 inani
730 2543 865 2606 corpora
887 2523 1011 2605 prima.

125 2640 294 2716 praeterea
316 2635 465 2716 quoniam
489 2635 606 2719 genitis
629 2636 662 2698 in
686 2636 782 2699 rebus
803 2635 948 2718 inanest,

125 2749 291 2813 materiem
315 2749 431 2811 circum
455 2748 593 2812 solidam
616 2755 764 2814 constare
788 2755 974 2814 necessest:

127 2881 186 2926 nec
208 2881 260 2927 res
284 2862 351 2925 ulla
372 2867 478 2945 potest
500 2883 575 2927 vere
597 2862 721 2926 ratione
744 2864 874 2946 probari

127 2995 261 3059 corpore
282 2977 378 3041 inane
400 2997 458 3042 suc
483 2977 587 3042 celare
610 2983 705 3059 atque
728 2977 814 3042 intus
836 2977 958 3044 habere
971 2993 985 3054 ’,’

50 3111 101 3156 515
126 3090 152 3153 01
176 3110 259 3166 non,
284 3091 370 3171 quud
393 3091 540 3168 cohibet,
564 3091 700 3156 solidum
725 3099 872 3158 constare
896 3094 1078 3176 relinquas:

41 3193 45 3202 ’
127 3203 160 3266 id
183 3224 278 3287 porro
300 3205 344 3267 nil
368 3224 439 3270 esse
461 3212 566 3289 petest
588 3206 651 3270 nisi
672 3207 816 3270 materiai

129 3317 320 3394 concilium,
344 3319 430 3398 quud
452 3319 548 3384 inane
572 3320 606 3382 in
628 3319 716 3384 rebu'
741 3327 836 3400 queat
859 3319 1028 3384 cohibere.

126 3431 275 3496 materies
298 3431 412 3516 igitur,
438 3434 540 3498 solide
566 3455 647 3514 (puae
671 3451 804 3516 corpure
825 3439 971 3510 constat,
996 3463 998 3468 ·

127 3565 198 3612 esse
221 3552 351 3610 aeterna
374 3553 506 3630 potest,
523 3567 594 3612 cum
618 3553 725 3612 cetera
749 3547 986 3626 dissoluantur.

54 3681 103 3726 550
127 3666 193 3723 tum
216 3680 310 3743 perro
335 3661 362 3723 si
385 3661 428 3724 nil
452 3669 539 3726 esset
561 3661 647 3744 quud
671 3663 766 3726 inane
789 3671 936 3740 vacaret,

128 3794 221 3839 nume
243 3774 327 3839 feret
349 3773 508 3838 solidum:
531 3777 592 3841 nisi
616 3782 726 3841 contra
748 3797 884 3861 cnrpcra
907 3784 993 3844 certa

128 3895 253 3992 essent,
278 3906 360 3970 quae
383 3887 457 3956 1005Ι
477 3891 673 3972 complerent
695 3911 777 3972 quae
800 3911 935 3973 cumque
957 3901 1122 3969 tenerent,

129 4023 223 4068 cmne
246 4003 332 4085 quod
355 4007 423 4079 est,
448 4001 586 4084 spatium
608 4025 744 4070 vacuum
767 4014 929 4074 constaret
950 4009 1068 4072 inane.

128 4117 260 4184 alternis
282 4117 397 4202 igitur,
420 4115 452 4179 ni
476 4114 610 4193 mirum,
634 4137 749 4202 corpus
772 4121 861 4186 inani
1096 4103 1097 4106 Ἴ

131 4273 330 4281 -....-..-.---.

130 4361 180 4408 5011
200 4367 297 4408 constet
317 4355 330 4428 Η
352 4361 401 4408 517
422 4361 497 4410 inane
516 4367 590 4420 011051
610 4355 726 4428 1011111111
747 4363 797 4410 520
816 4371 853 4412 001
873 4360 886 4430 ΙΙ
907 4375 1024 4413 vocaret.

1007 4461 1054 4528 2*
