3266 4994
359 325 417 390 136
886 318 950 383 lllI

357 494 405 556 est
428 489 556 572 aliquae
578 494 613 552 ut
635 507 789 573 serpens,
805 487 941 552 bominis
965 505 1049 570 qnae
1070 492 1157 554 16616
1180 487 1291 554 salivis

355 603 490 688 disperit
512 623 550 671 ac
573 621 645 668 sese
667 601 852 668 mandendo
876 602 1002 668 conticit
1024 603 1117 688 ipsa.

282 741 332 788 646
357 724 523 805 praeterea
547 717 640 782 uobis
662 725 819 782 veratrum
844 723 987 782 6616616
1010 737 1188 796 venenum,

357 838 390 897 at
412 833 517 916 capris
539 833 653 917 adipes
676 837 707 896 et
728 832 942 898 coturnicibus
965 837 1082 916 auget.

356 953 390 1010 ut
413 948 526 1028 quibus
549 947 581 1012 id
603 947 658 1012 fiat
681 948 775 1011 rebus
799 966 994 1028 cognoscere
1016 947 1141 1032 possis,

358 1061 514 1148 principio
537 1062 720 1128 meminisse
744 1061 836 1127 decet
858 1081 941 1144 quae
965 1061 1103 1127 diximus
1126 1069 1220 1148 ante,
1252 1117 1256 1122 .

358 1177 479 1241 semina
500 1176 696 1241 multimodis
718 1176 751 1240 in
775 1153 869 1240 rebus
892 1176 991 1240 mixta
1012 1177 1132 1242 teneri.

282 1311 331 1359 645
357 1311 452 1375 porro
476 1309 587 1356 omnes
610 1309 693 1373 quae
716 1309 849 1372 cumque
873 1290 975 1354 cibum
1000 1291 1129 1375 capiunt
1151 1291 1352 1370 animantes,

356 1412 390 1470 61
411 1410 487 1471 6661
509 1404 680 1471 dissimiles
704 1404 900 1470 extrinsecus
923 1411 954 1468 et
975 1405 1155 1490 generatim

359 1520 478 1586 extima
501 1520 714 1584 membrorum
737 1519 854 1584 circum
877 1539 1010 1586 caesura
1033 1526 1174 1597 66111661,

359 1634 494 1720 proinde
519 1653 558 1698 ex
580 1633 755 1700 seminibus
778 1639 924 1700 constant
946 1634 1091 1700 variante
1114 1635 1236 1717 ligura.

359 1750 482 1815 nemina
505 1769 575 1814 cum
598 1771 694 1834 porro
718 1749 855 1828 distent,
872 1749 1000 1814 differre
1022 1755 1185 1816 necessest

286 1885 336 1931 656
360 1864 531 1928 intervalla
554 1863 707 1946 viasque,
725 1863 880 1928 foramina
904 1882 988 1944 quae
1011 1862 1236 1946 perhibemus,

360 1977 507 2044 omnibus
528 1979 561 2043 iu
585 1979 735 2044 membris
759 1984 790 2043 61
812 1977 845 2041 16
868 1978 1079 2074 6161666666
1101 1978 1230 2062 palato:

361 2113 432 2158 6666
453 2093 579 2158 minora
601 2093 698 2177 igitur
722 2091 878 2174 quaedam
901 2091 1086 2174 maioraque
1109 2093 1246 2178 debent,

361 2227 430 2272 esse
453 2208 608 2289 triquetra
632 2207 724 2283 aliis,
743 2207 816 2270 aliis
840 2206 996 2288 quadrata
1019 2215 1201 2292 necessest,

359 2323 457 2387 multa
481 2322 636 2404 rutunda,
654 2320 758 2385 modis
781 2320 886 2386 multis
910 2322 1108 2405 multangula
1132 2323 1313 2406 quaedam.

286 2458 335 2506 655
360 2457 497 2520 namque
522 2438 694 2518 figurarum
717 2419 798 2501 16116
822 2443 856 2500 61
878 2441 1045 2519 motusque
1067 2445 1256 2523 reposcunt,

358 2553 492 2637 proinde
514 2550 722 2617 foraminibus
745 2550 863 2616 debent
887 2551 1014 2617 differre
1036 2552 1179 2637 figurae,

362 2673 393 2733 61
414 2667 539 2732 variare
561 2666 633 2729 viae
655 2665 789 2748 proinde
812 2685 851 2730 66
873 2672 999 2731 textura
1022 2673 1165 2732 coercet.

361 2783 422 2847 hoc
445 2782 497 2846 ubi
523 2781 607 2863 quod
631 2801 729 2845 suave
752 2780 893 2872 66161116
916 2781 988 2846 61116
1010 2782 1044 2846 fit
1066 2803 1228 2867 amarum,

360 2896 425 2973 illi,
442 2898 492 2960 cui
515 2916 614 2961 suave
637 2900 704 2979 est,
721 2895 882 2966 leuissima
906 2917 1041 2980 corpora
1065 2896 1183 2964 debent

289 3033 339 3079 666
365 3010 634 3076 contractabiliter
656 3010 764 3074 caulas
785 3009 905 3075 intrare
928 3011 1046 3095 palati,

363 3130 395 3190 at
418 3130 527 3188 eontra
551 3124 666 3204 quibus
690 3131 738 3189 661
759 3126 873 3190 eadem
898 3145 950 3191 res
972 3125 1056 3190 intus
1079 3126 1215 3205 acerba,

363 3257 501 3322 aspera,
518 3239 550 3302 ni
572 3238 706 3322 mirum,
722 3245 892 3322 penetrant
914 3238 1109 3322 hamataque
1132 3238 1266 3308 fauces.
1339 3231 1342 3236 ¹

288 3376 336 3422 crs
364 3360 497 3434 utraque
521 3353 604 3416 enim
627 3354 752 3417 suntin
776 3355 880 3419 mellis
903 3353 1074 3418 commixta
1097 3375 1233 3438 sapore3

361 3468 395 3533 id
418 3466 587 3549 quodiam
610 3488 728 3552 supera
750 3469 806 3533 tibi
830 3487 926 3552 saepe
950 3469 1147 3534 ostendimus
1171 3474 1265 3534 ante.

288 3603 338 3650 663
363 3581 562 3646 6666166116
586 3590 696 3649 estex
719 3582 768 3648 bis
790 3584 886 3649 rebus
910 3602 1104 3664 cognoscere
1129 3603 1297 3666 quaeque:

366 3696 505 3781 quippe,
523 3697 577 3761 nbi
598 3698 648 3762 661
671 3697 770 3762 1611116
793 3698 849 3761 bili
871 3703 1043 3781 superante
1067 3704 1176 3762 coorta
1199 3705 1247 3763 cst

291 3834 341 3881 665
367 3817 422 3876 661
445 3812 509 3876 6116
532 3814 656 3878 1611666
681 3812 820 3893 aliquast
842 3811 892 3876 vis
916 3811 1021 3875 excita
1043 3813 1165 3891 morbi,

365 3927 571 4011 perturbatur
593 3926 637 3991 ibi
660 3927 723 3989 iam
746 3930 846 3990 totum
870 3945 1004 4007 corpus,
1021 3934 1052 3992 et
1076 3947 1188 3992 omnes

369 4197 419 4243 638
438 4195 523 4256 itaque
549 4189 562 4259 11
587 4195 635 4240 641
656 4191 844 4240 cocturnicibus
869 4187 882 4259 ΙΙ
908 4193 1006 4242 642111
1028 4189 1041 4262 ΙΙ
1061 4203 1089 4244 61
1115 4190 1128 4262 ΙΙ
1155 4197 1206 4243 648
1226 4203 1250 4243 61
1271 4190 1285 4262 ll
1305 4193 1452 4254 variantque
1473 4187 1485 4258 ll
1612 4141 1613 4192 l

370 4284 418 4330 661)
439 4295 545 4343 corpore
566 4274 579 4345 ll
600 4281 651 4327 660
670 4278 763 4326 caudas
783 4273 796 4345 Η
818 4281 866 4326 662
888 4280 1013 4330 nimorurn
