3240 5010
349 355 408 416 184
895 350 922 412 V

346 517 486 593 destitit,
502 523 537 581 ut
558 517 670 580 muiier
692 518 795 601 spatio
818 517 947 583 defessa
971 525 1115 584 vetusto.

347 636 448 693 mutat
471 630 555 695 enim
578 629 687 694 mundi
709 638 857 696 naturam
878 632 975 698 totius
997 639 1109 716 aetas,

348 763 388 808 ex
411 744 539 824 alioque
561 743 644 808 alius
667 751 768 810 status
791 747 938 829 excipere
962 747 1069 811 omnia
1093 747 1210 823 debet,
1234 805 1239 816 .

273 878 323 924 830
348 876 408 922 noc
429 862 538 920 manet
561 856 628 922 ulla
651 859 699 922 sui
723 859 837 925 similis
859 879 931 925 res:
948 861 1054 924 omnia
1077 861 1235 944 migrant,

217 985 219 996 ·
301 1021 305 1029 ‚
349 971 455 1036 omnia
477 977 649 1036 commutat
676 983 790 1040 natura
813 983 844 1040 et
865 979 989 1040 vertere
1012 975 1116 1057 cogit.

348 1104 487 1166 namquo
510 1085 589 1149 aliut
611 1090 765 1170 putrescit
787 1096 819 1154 et
840 1109 922 1155 aevo
946 1087 1053 1154 debile
1075 1087 1227 1170 languet,

348 1218 443 1281 porro
465 1198 544 1263 aliut
568 1201 714 1268 clarescit
737 1211 768 1267 et
790 1225 807 1267 e
831 1203 1063 1285 contemptibus
1087 1201 1172 1266 exit.

349 1312 394 1377 sio
416 1311 513 1394 igitur
535 1318 644 1380 mundi
668 1323 813 1382 naturam
836 1316 933 1382 totius
956 1322 1046 1380 aetas

273 1447 323 1493 838
350 1432 470 1510 mutat,
488 1434 519 1491 ct
541 1449 581 1492 ex
605 1431 668 1495 alio
691 1439 808 1494 temam
832 1436 935 1495 status
958 1429 1074 1513 excipit
1097 1429 1199 1512 aiter,

350 1541 435 1622 quod
457 1547 533 1626 pote
557 1544 601 1606 uti
623 1552 782 1626 nequeat,
798 1545 900 1628 possit
923 1541 1008 1624 quod
1032 1563 1095 1606 non
1118 1543 1189 1607 tulit
1212 1549 1307 1607 ante.

389 1657 551 1738 Multaque
572 1663 639 1722 tum
662 1660 757 1724 tellus
780 1659 875 1724 etiam
899 1664 1046 1742 portenta
1070 1676 1179 1722 creare

351 1777 496 1836 conatast
518 1774 599 1838 mira
622 1773 706 1838 facie
729 1774 941 1854 membrisque
965 1778 1095 1854 coorta,

352 1883 593 1968 androgynum,
610 1889 827 1968 interutraquc
850 1906 910 1950 nec
932 1893 1056 1968 utrum,
1073 1887 1230 1966 utrimque
1252 1891 1429 1962 remotum,

274 2021 324 2065 840
349 1999 429 2062 orba
451 1997 570 2083 pedum
593 2002 707 2084 partim
723 2051 730 2084 ,
747 2021 898 2065 manuum
921 1999 1053 2064 viduata
1076 2000 1235 2083 vicissim,

350 2119 438 2176 muta
461 2113 529 2178 sine
553 2134 607 2178 ore
632 2117 748 2192 etiam,
765 2115 834 2180 sine
858 2115 944 2180 voitu
968 2133 1064 2178 caeca
1087 2119 1234 2197 reperta,

349 2229 519 2309 vinetaque
541 2230 753 2295 membrorum
776 2251 835 2314 per
856 2236 959 2294 totum
982 2247 1098 2312 corpus
1122 2228 1290 2312 adhaesu,

351 2363 411 2408 nec
434 2341 541 2408 facere
564 2351 597 2406 ut
619 2351 751 2428 possent
775 2345 945 2426 quicquam
969 2363 1027 2407 neo
1051 2343 1164 2408 cedere
1188 2363 1347 2426 quoquam

352 2478 409 2522 neo
431 2458 533 2522 vitare
557 2459 674 2522 maium
698 2478 757 2524 neo
781 2478 905 2523 sumere
929 2457 1014 2539 quod
1039 2457 1121 2523 soret
1144 2478 1241 2522 usus.

276 2595 326 2640 808
352 2580 459 2637 cetera
482 2572 522 2636 de
544 2593 661 2656 genere
684 2573 744 2638 hoc
767 2579 909 2638 monstra
932 2593 969 2636 ao
991 2579 1141 2655 portenta
1165 2573 1314 2648 creabat,

257 2713 261 2722 ·
350 2706 392 2752 ne
416 2688 588 2768 quiquam,
606 2689 755 2770 quoniam
780 2694 893 2751 natura
915 2687 1088 2752 absterruit
1110 2693 1257 2762 auctum,

353 2822 413 2867 nec
435 2809 567 2885 potuere
590 2802 730 2884 cupitum
753 2803 867 2866 aetatis
891 2809 1025 2881 tangere
1048 2800 1158 2866 dorem

356 2935 415 2980 nec
437 2917 576 2999 reperire
600 2919 704 2982 cibum
729 2937 788 2982 nec
810 2916 898 2997 iungi
924 2935 980 2998 per
1002 2915 1139 2980 Veneris
1164 2935 1235 2980 res.

352 3028 450 3093 muita
473 3028 619 3094 videmus
642 3033 727 3096 enim
750 3034 846 3098 rebus
871 3049 1061 3094 concurrere
1082 3030 1220 3114 debere,

277 3165 328 3211 850
354 3150 389 3208 ut
411 3144 621 3227 propagando
645 3145 769 3228 possint
791 3143 969 3229 procudere
993 3145 1121 3225 8800183

353 3259 474 3341 pabula
496 3257 630 3342 primum
655 3266 689 3323 ut
712 3260 795 3344 sint,
813 3259 966 3340 genitalia
990 3257 1107 3326 deinde
1130 3279 1188 3343 por
1210 3265 1298 3324 artus

355 3373 478 3437 semina
502 3392 564 3455 qua
586 3374 710 3456 possint
731 3374 882 3440 membris
906 3393 1037 3437 manare
1058 3374 1213 3456 remissa,

354 3486 537 3569 feminaque
561 3494 595 3552 ut
617 3489 760 3553 maribus
784 3489 931 3572 coniungi
954 3488 1057 3574 possit
1079 3509 1197 3574 avere,

355 3607 527 3683 mutuaque
548 3603 710 3668 insinuent
733 3604 815 3668 inter
837 3623 872 3669 80
895 3604 1016 3686 gaudia
1039 3610 1193 3684 uterque.

207 3783 221 3797 ,
280 3735 330 3782 888
399 3716 561 3798 Multaque
586 3725 651 3784 tum
673 3719 833 3783 interiisse
857 3719 1053 3781 animantum
1078 3717 1186 3782 saecla
1208 3721 1374 3782 necessest

354 3849 413 3893 nco
435 3831 578 3914 potuisse
601 3834 810 3919 propagando
834 3832 1009 3914 procudere
1032 3832 1175 3917 prolem.

358 4041 408 4088 833
428 4041 518 4089 crescit
541 4039 554 4106 Η
579 4039 750 4089 comissum.
777 4036 791 4105 Η
817 4039 867 4085 838
888 4037 970 4100 potuit
995 4037 1007 4105 Η
1033 4041 1084 4088 838
1104 4039 1166 4088 facit
1191 4035 1204 4106 Η
1230 4041 1280 4087 839
1299 4037 1485 4099 Androgynem

357 4126 509 4176 interutras
528 4143 573 4176 nec
592 4137 724 4187 utramque
744 4134 876 4188 utrumque
903 4122 915 4192 Η
942 4127 990 4173 841
1012 4127 1095 4174 Multa
1120 4124 1134 4195 Η
1159 4129 1210 4174 844
1233 4127 1300 4176 volet
1325 4122 1337 4191 Η
1365 4125 1415 4171 846
1439 4123 1485 4171 81)-

356 4213 448 4262 serruit
473 4217 485 4276 Η
512 4214 563 4260 850
582 4213 730 4276 procludere
751 4211 764 4280 Η
789 4216 838 4262 851
860 4213 972 4277 primunt
999 4211 1011 4281 Η
1036 4216 1086 4263 882
1106 4214 1187 4277 possis
1206 4210 1220 4277 Η
1241 4214 1368 4264 remissis.
1392 4209 1405 4283 Η
1431 4215 1484 4264 858

356 4299 450 4350 marius
474 4301 486 4363 Η
508 4299 588 4364 008818
607 4300 715 4350 habere.
738 4297 751 4367 Η
771 4303 822 4348 854
842 4301 933 4350 Mutua
952 4302 995 4363 qui
1014 4309 1125 4350 metuent
