3240 5010
413 1291 462 1374 Τ.
492 1289 785 1375 LUCRETI
816 1290 973 1374 CARI

237 1531 354 1628 DE
400 1528 721 1629 RERUM
765 1527 1143 1632 NATURA

507 1776 648 1841 LIBER
676 1776 877 1841 SEXTUS.

118 2250 267 2360 Primae
289 2293 471 2378 frugiparos
493 2292 577 2358 fetns
600 2295 786 2359 mortalibus
808 2295 916 2377 aegris

122 2408 312 2474 dididerunt
334 2407 496 2491 quondam
519 2408 684 2490 praeclaro
708 2408 835 2473 nomine
859 2410 1025 2484 Athenae,

125 2529 157 2588 et
180 2526 407 2588 recreaverunt
428 2523 525 2586 vitam
549 2523 701 2605 legesque
725 2529 895 2612 rogarunt,

124 2643 156 2702 et
179 2637 307 2724 primae
330 2636 486 2702 dedemnt
507 2637 630 2702 solacia
653 2636 760 2702 dulcia
782 2637 885 2719 vitae,

86 2771 99 2817 5
125 2773 201 2818 curn
223 2771 362 2836 genuere
385 2753 486 2816 virum
508 2751 566 2817 tali
590 2772 662 2817 cnm
675 2737 780 2816 'corde
801 2745 982 2836 repertum,

126 2868 237 2931 omnia
259 2866 400 2933 veridico
424 2865 477 2949 qui
502 2866 663 2948 quondam
687 2885 725 2931 ex
749 2887 802 2932 ore
825 2866 985 2951 proludit3

127 2982 241 3057 cuius,
259 2987 290 3046 et
311 2981 461 3058 extincti,
477 2988 609 3066 propter
632 2981 741 3048 divina
762 2989 890 3067 reperta

126 3095 294 3176 divolgata
315 3103 407 3162 vetus
431 3097 496 3160 ianr
519 3097 560 3160 ad
584 3098 707 3164 caelum
730 3097 834 3179 gloria
856 3097 975 3161 fertur.

125 3229 201 3275 nam
226 3229 296 3274 cum
320 3211 398 3274 vidit
422 3212 471 3276 hic
494 3212 537 3277 ad
559 3212 675 3277 victum
699 3232 782 3294 quae
804 3211 929 3294 flagitet
951 3231 1028 3276 usus

74 3341 102 3386 10
128 3325 240 3390 omnia
263 3323 327 3389 ium
349 3324 448 3391 ferme
472 3326 660 3390 mortalibus
683 3345 755 3391 esse
778 3331 912 3410 parata,

127 3446 179 3523 et,
197 3460 253 3522 pro
278 3460 372 3522 quam
397 3446 526 3523 posset,
543 3441 638 3503 vitam
663 3440 836 3504 consistere
858 3447 978 3522 tutam,

128 3553 248 3619 divitiis
270 3553 415 3620 homines
439 3561 469 3619 et
491 3555 612 3618 honore
638 3560 669 3620 et
690 3553 789 3620 laude
812 3555 950 3637 potentis

129 3667 264 3734 affluere
288 3677 382 3751 atque
405 3671 488 3734 bona
511 3673 679 3752 gnatorum
703 3669 861 3733 excellere
885 3669 991 3752 lanua,

129 3801 188 3848 nec
212 3783 316 3847 minus
340 3803 411 3850 esse
435 3785 520 3882 domi
546 3786 694 3867 cuiquam
718 3789 824 3848 tamen
848 3784 943 3848 anxia
966 3783 1084 3859 corda,

75 3911 105 3958 15
131 3901 226 3979 atque
250 3897 348 3963 animi
370 3900 506 3981 ingratis
528 3900 624 3963 vitam
649 3919 765 3964 vexare
789 3898 939 3980 querellis

130 4013 314 4095 passimque
337 4013 461 4079 infestis
484 4015 575 4098 cogei
598 4015 720 4080 saevire
743 4013 890 4098 periclis,
910 4070 915 4080 .
957 4043 959 4047 ·

131 4181 331 4191 ——ffl

135 4288 274 4349 laegros.
296 4283 309 4353 Η
330 4286 443 4352 4solaci
464 4281 477 4353 Η
500 4285 641 4334 lextinctu
662 4285 674 4352 Η
698 4289 729 4335 10
742 4287 896 4336 acortalibus
921 4287 933 4352 Η
962 4290 989 4334 ll
1011 4295 1112 4350 possent
1132 4287 1144 4354 Η
1167 4289 1198 4336 13
1211 4302 1255 4335 ex·
1284 4334 1288 4340 ,

133 4373 225 4423 collere
245 4369 258 4440 Η
281 4375 312 4421 14
331 4373 419 4422 cordi.
439 4370 454 4443 Η
477 4375 507 4422 16
528 4373 613 4421 Pausa
631 4381 707 4436 atque
727 4369 742 4442 Η
763 4381 837 4439 coget
857 4368 870 4442 Η
891 4374 1025 4435 querellis.
