<?xml version="1.0" encoding="UTF-8"?>
<!DOCTYPE html PUBLIC "-//W3C//DTD XHTML 1.0 Transitional//EN"
    "http://www.w3.org/TR/xhtml1/DTD/xhtml1-transitional.dtd">
<html xmlns="http://www.w3.org/1999/xhtml" xml:lang="en" lang="en">
 <head>
  <title>
</title>
<meta http-equiv="Content-Type" content="text/html;charset=utf-8" />
  <meta name='ocr-system' content='tesseract 3.04.00' />
  <meta name='ocr-capabilities' content='ocr_page ocr_carea ocr_par ocr_line ocrx_word'/>
</head>
<body>
  <div class='ocr_page' id='page_1' title='image "./tlucreticarider19carugoog_0114.png"; bbox 0 0 3266 4994; ppageno 0'>
   <div class='ocr_carea' id='block_1_1' title="bbox 731 370 775 435">
    <p class='ocr_par' dir='ltr' id='par_1_1' title="bbox 731 370 775 435">
     <span class='ocr_line' id='line_1_1' title="bbox 731 370 775 435; baseline 0 0"><span class='ocrx_word' id='word_1_1' title='bbox 731 370 775 435; x_wconf 89' lang='lat' dir='ltr'>Ill</span> 
     </span>
    </p>
   </div>
   <div class='ocr_carea' id='block_1_2' title="bbox 106 540 1236 2232">
    <p class='ocr_par' dir='ltr' id='par_1_2' title="bbox 110 540 1122 1084">
     <span class='ocr_line' id='line_1_2' title="bbox 110 540 1122 626; baseline -0.001 -17"><span class='ocrx_word' id='word_1_2' title='bbox 110 561 158 611; x_wconf 85' lang='lat' dir='ltr'>ass</span> <span class='ocrx_word' id='word_1_3' title='bbox 183 562 244 608; x_wconf 91' lang='lat' dir='ltr'>neo</span> <span class='ocrx_word' id='word_1_4' title='bbox 267 540 353 624; x_wconf 86' lang='lat' dir='ltr'>quod</span> <span class='ocrx_word' id='word_1_5' title='bbox 376 542 435 608; x_wconf 91' lang='lat' dir='ltr'>sub</span> <span class='ocrx_word' id='word_1_6' title='bbox 458 561 577 625; x_wconf 84' lang='lat' dir='ltr'>magno</span> <span class='ocrx_word' id='word_1_7' title='bbox 600 547 778 608; x_wconf 89' lang='lat' dir='ltr'>scrutentur</span> <span class='ocrx_word' id='word_1_8' title='bbox 800 549 928 626; x_wconf 77' lang='lat' dir='ltr'>pectore</span> <span class='ocrx_word' id='word_1_9' title='bbox 952 544 1122 626; x_wconf 89' lang='lat' dir='ltr'>quicquam</span> 
     </span>
     <span class='ocr_line' id='line_1_3' title="bbox 184 656 1040 742; baseline -0.001 -21"><span class='ocrx_word' id='word_1_10' title='bbox 184 661 374 741; x_wconf 85' lang='lat' dir='ltr'>perpetuam</span> <span class='ocrx_word' id='word_1_11' title='bbox 395 663 534 724; x_wconf 84' lang='lat' dir='ltr'>aetatem</span> <span class='ocrx_word' id='word_1_12' title='bbox 557 663 690 742; x_wconf 82' lang='lat' dir='ltr'>possunt</span> <span class='ocrx_word' id='word_1_13' title='bbox 713 658 854 741; x_wconf 88' lang='lat' dir='ltr'>reperire</span> <span class='ocrx_word' id='word_1_14' title='bbox 876 656 1040 741; x_wconf 89' lang='lat' dir='ltr'>profecto.</span> 
     </span>
     <span class='ocr_line' id='line_1_4' title="bbox 184 771 1014 857; baseline 0.001 -22"><span class='ocrx_word' id='word_1_15' title='bbox 184 792 280 854; x_wconf 89' lang='lat' dir='ltr'>quam</span> <span class='ocrx_word' id='word_1_16' title='bbox 301 771 380 836; x_wconf 88' lang='lat' dir='ltr'>libet</span> <span class='ocrx_word' id='word_1_17' title='bbox 401 771 533 838; x_wconf 81' lang='lat' dir='ltr'>immani</span> <span class='ocrx_word' id='word_1_18' title='bbox 556 772 700 857; x_wconf 88' lang='lat' dir='ltr'>proiectu</span> <span class='ocrx_word' id='word_1_19' title='bbox 723 771 866 855; x_wconf 90' lang='lat' dir='ltr'>corporis</span> <span class='ocrx_word' id='word_1_20' title='bbox 889 777 1014 849; x_wconf 87' lang='lat' dir='ltr'>exstet,</span> 
     </span>
     <span class='ocr_line' id='line_1_5' title="bbox 184 885 1042 972; baseline 0.002 -24"><span class='ocrx_word' id='word_1_21' title='bbox 184 885 236 966; x_wconf 92' lang='lat' dir='ltr'>qui</span> <span class='ocrx_word' id='word_1_22' title='bbox 261 906 325 950; x_wconf 90' lang='lat' dir='ltr'>non</span> <span class='ocrx_word' id='word_1_23' title='bbox 348 887 418 952; x_wconf 85' lang='lat' dir='ltr'>sola</span> <span class='ocrx_word' id='word_1_24' title='bbox 440 907 556 954; x_wconf 88' lang='lat' dir='ltr'>novem</span> <span class='ocrx_word' id='word_1_25' title='bbox 579 886 734 972; x_wconf 83' lang='lat' dir='ltr'>dispessis</span> <span class='ocrx_word' id='word_1_26' title='bbox 757 886 871 969; x_wconf 84' lang='lat' dir='ltr'>iugera</span> <span class='ocrx_word' id='word_1_27' title='bbox 891 886 1042 950; x_wconf 88' lang='lat' dir='ltr'>membris</span> 
     </span>
     <span class='ocr_line' id='line_1_6' title="bbox 186 999 892 1084; baseline 0.004 -22"><span class='ocrx_word' id='word_1_28' title='bbox 186 999 349 1084; x_wconf 82' lang='lat' dir='ltr'>optineat,</span> <span class='ocrx_word' id='word_1_29' title='bbox 366 1001 424 1066; x_wconf 92' lang='lat' dir='ltr'>sed</span> <span class='ocrx_word' id='word_1_30' title='bbox 447 1003 501 1083; x_wconf 91' lang='lat' dir='ltr'>qui</span> <span class='ocrx_word' id='word_1_31' title='bbox 526 1002 622 1066; x_wconf 85' lang='lat' dir='ltr'>terrai</span> <span class='ocrx_word' id='word_1_32' title='bbox 645 1001 741 1066; x_wconf 88' lang='lat' dir='ltr'>totius</span> <span class='ocrx_word' id='word_1_33' title='bbox 763 1001 892 1084; x_wconf 82' lang='lat' dir='ltr'>orbem,</span> 
     </span>
    </p>

    <p class='ocr_par' dir='ltr' id='par_1_3' title="bbox 107 1115 1099 1660">
     <span class='ocr_line' id='line_1_7' title="bbox 107 1115 1032 1201; baseline -0.002 -21"><span class='ocrx_word' id='word_1_34' title='bbox 107 1133 160 1180; x_wconf 86' lang='lat'>990</span> <span class='ocrx_word' id='word_1_35' title='bbox 183 1135 247 1179; x_wconf 93' lang='lat' dir='ltr'>non</span> <span class='ocrx_word' id='word_1_36' title='bbox 272 1120 378 1180; x_wconf 86' lang='lat' dir='ltr'>tamen</span> <span class='ocrx_word' id='word_1_37' title='bbox 400 1122 565 1181; x_wconf 87' lang='lat' dir='ltr'>aeternum</span> <span class='ocrx_word' id='word_1_38' title='bbox 586 1117 703 1200; x_wconf 88' lang='lat' dir='ltr'>poterit</span> <span class='ocrx_word' id='word_1_39' title='bbox 724 1115 866 1201; x_wconf 85' lang='lat' dir='ltr'>perferre</span> <span class='ocrx_word' id='word_1_40' title='bbox 889 1116 1032 1181; x_wconf 93' lang='lat' dir='ltr'>dolorem</span> 
     </span>
     <span class='ocr_line' id='line_1_8' title="bbox 184 1230 1091 1314; baseline 0.002 -22"><span class='ocrx_word' id='word_1_41' title='bbox 184 1248 244 1293; x_wconf 91' lang='lat' dir='ltr'>nec</span> <span class='ocrx_word' id='word_1_42' title='bbox 266 1230 422 1312; x_wconf 88' lang='lat' dir='ltr'>praebere</span> <span class='ocrx_word' id='word_1_43' title='bbox 444 1230 549 1296; x_wconf 92' lang='lat' dir='ltr'>cibum</span> <span class='ocrx_word' id='word_1_44' title='bbox 571 1231 701 1314; x_wconf 90' lang='lat' dir='ltr'>proprio</span> <span class='ocrx_word' id='word_1_45' title='bbox 724 1230 765 1296; x_wconf 89' lang='lat' dir='ltr'>de</span> <span class='ocrx_word' id='word_1_46' title='bbox 788 1250 921 1314; x_wconf 89' lang='lat' dir='ltr'>corpore</span> <span class='ocrx_word' id='word_1_47' title='bbox 943 1249 1091 1314; x_wconf 83' lang='lat' dir='ltr'>semper.</span> 
     </span>
     <span class='ocr_line' id='line_1_9' title="bbox 183 1343 1019 1430; baseline 0.005 -24"><span class='ocrx_word' id='word_1_48' title='bbox 183 1343 240 1406; x_wconf 91' lang='lat' dir='ltr'>sed</span> <span class='ocrx_word' id='word_1_49' title='bbox 263 1343 377 1426; x_wconf 86' lang='lat' dir='ltr'>Tityos</span> <span class='ocrx_word' id='word_1_50' title='bbox 399 1344 491 1410; x_wconf 90' lang='lat' dir='ltr'>nobis</span> <span class='ocrx_word' id='word_1_51' title='bbox 513 1343 565 1410; x_wconf 92' lang='lat' dir='ltr'>hic</span> <span class='ocrx_word' id='word_1_52' title='bbox 588 1351 657 1430; x_wconf 90' lang='lat' dir='ltr'>est,</span> <span class='ocrx_word' id='word_1_53' title='bbox 672 1346 705 1410; x_wconf 93' lang='lat' dir='ltr'>in</span> <span class='ocrx_word' id='word_1_54' title='bbox 728 1366 836 1410; x_wconf 88' lang='lat' dir='ltr'>amore</span> <span class='ocrx_word' id='word_1_55' title='bbox 859 1346 1019 1410; x_wconf 83' lang='lat' dir='ltr'>iacentem</span> 
     </span>
     <span class='ocr_line' id='line_1_10' title="bbox 183 1458 1099 1544; baseline 0.004 -24"><span class='ocrx_word' id='word_1_56' title='bbox 183 1477 277 1538; x_wconf 92' lang='lat' dir='ltr'>quem</span> <span class='ocrx_word' id='word_1_57' title='bbox 300 1458 443 1523; x_wconf 88' lang='lat' dir='ltr'>volucres</span> <span class='ocrx_word' id='word_1_58' title='bbox 466 1459 608 1526; x_wconf 88' lang='lat' dir='ltr'>lacerant</span> <span class='ocrx_word' id='word_1_59' title='bbox 630 1465 724 1542; x_wconf 88' lang='lat' dir='ltr'>atque</span> <span class='ocrx_word' id='word_1_60' title='bbox 747 1467 838 1526; x_wconf 86' lang='lat' dir='ltr'>exest</span> <span class='ocrx_word' id='word_1_61' title='bbox 860 1460 975 1526; x_wconf 84' lang='lat' dir='ltr'>anxius</span> <span class='ocrx_word' id='word_1_62' title='bbox 998 1481 1099 1544; x_wconf 82' lang='lat' dir='ltr'>angor</span> 
     </span>
     <span class='ocr_line' id='line_1_11' title="bbox 183 1557 972 1660; baseline 0.005 -24"><span class='ocrx_word' id='word_1_63' title='bbox 183 1578 238 1636; x_wconf 83' lang='lat' dir='ltr'>aut</span> <span class='ocrx_word' id='word_1_64' title='bbox 261 1572 327 1636; x_wconf 89' lang='lat' dir='ltr'>alia</span> <span class='ocrx_word' id='word_1_65' title='bbox 350 1573 461 1655; x_wconf 88' lang='lat' dir='ltr'>quavis</span> <span class='ocrx_word' id='word_1_66' title='bbox 484 1557 632 1640; x_wconf 89' lang='lat' dir='ltr'>scindunt</span> <span class='ocrx_word' id='word_1_67' title='bbox 655 1577 833 1660; x_wconf 82' lang='lat' dir='ltr'>cuppedine</span> <span class='ocrx_word' id='word_1_68' title='bbox 857 1593 972 1640; x_wconf 92' lang='lat' dir='ltr'>curae.</span> 
     </span>
    </p>

    <p class='ocr_par' dir='ltr' id='par_1_4' title="bbox 106 1686 1236 2232">
     <span class='ocr_line' id='line_1_12' title="bbox 106 1686 1064 1772; baseline 0 -20"><span class='ocrx_word' id='word_1_69' title='bbox 106 1705 158 1752; x_wconf 85' lang='grc'>000</span> <span class='ocrx_word' id='word_1_70' title='bbox 184 1686 340 1771; x_wconf 83' lang='lat' dir='ltr'>Sisyphus</span> <span class='ocrx_word' id='word_1_71' title='bbox 361 1688 394 1750; x_wconf 92' lang='lat' dir='ltr'>in</span> <span class='ocrx_word' id='word_1_72' title='bbox 416 1687 481 1753; x_wconf 88' lang='lat' dir='ltr'>vita</span> <span class='ocrx_word' id='word_1_73' title='bbox 504 1708 630 1772; x_wconf 90' lang='lat' dir='ltr'>quoque</span> <span class='ocrx_word' id='word_1_74' title='bbox 653 1690 746 1754; x_wconf 90' lang='lat' dir='ltr'>uobis</span> <span class='ocrx_word' id='word_1_75' title='bbox 769 1696 841 1754; x_wconf 90' lang='lat' dir='ltr'>ante</span> <span class='ocrx_word' id='word_1_76' title='bbox 865 1689 974 1755; x_wconf 87' lang='lat' dir='ltr'>oculos</span> <span class='ocrx_word' id='word_1_77' title='bbox 996 1695 1064 1772; x_wconf 89' lang='lat' dir='ltr'>est,</span> 
     </span>
     <span class='ocr_line' id='line_1_13' title="bbox 182 1802 1039 1887; baseline 0.007 -23"><span class='ocrx_word' id='word_1_78' title='bbox 182 1802 237 1882; x_wconf 88' lang='lat' dir='ltr'>qui</span> <span class='ocrx_word' id='word_1_79' title='bbox 258 1805 369 1885; x_wconf 87' lang='lat' dir='ltr'>petere</span> <span class='ocrx_word' id='word_1_80' title='bbox 392 1823 412 1867; x_wconf 90' lang='lat' dir='ltr'>a</span> <span class='ocrx_word' id='word_1_81' title='bbox 434 1803 555 1887; x_wconf 91' lang='lat' dir='ltr'>populo</span> <span class='ocrx_word' id='word_1_82' title='bbox 578 1803 684 1870; x_wconf 83' lang='lat' dir='ltr'>fasces</span> <span class='ocrx_word' id='word_1_83' title='bbox 707 1825 886 1886; x_wconf 86' lang='lat' dir='ltr'>saevasque</span> <span class='ocrx_word' id='word_1_84' title='bbox 912 1823 1039 1870; x_wconf 89' lang='lat' dir='ltr'>secures</span> 
     </span>
     <span class='ocr_line' id='line_1_14' title="bbox 181 1915 990 2002; baseline 0.004 -23"><span class='ocrx_word' id='word_1_85' title='bbox 181 1915 324 1999; x_wconf 83' lang='lat' dir='ltr'>imbibit,</span> <span class='ocrx_word' id='word_1_86' title='bbox 342 1922 373 1981; x_wconf 90' lang='lat' dir='ltr'>et</span> <span class='ocrx_word' id='word_1_87' title='bbox 395 1937 521 2002; x_wconf 91' lang='lat' dir='ltr'>semper</span> <span class='ocrx_word' id='word_1_88' title='bbox 543 1920 644 1985; x_wconf 89' lang='lat' dir='ltr'>victus</span> <span class='ocrx_word' id='word_1_89' title='bbox 666 1919 828 2001; x_wconf 89' lang='lat' dir='ltr'>tristisque</span> <span class='ocrx_word' id='word_1_90' title='bbox 850 1919 990 1986; x_wconf 80' lang='lat' dir='ltr'>recedit.</span> 
     </span>
     <span class='ocr_line' id='line_1_15' title="bbox 181 2033 1236 2116; baseline 0.003 -23"><span class='ocrx_word' id='word_1_91' title='bbox 181 2050 255 2094; x_wconf 87' lang='lat' dir='ltr'>nam</span> <span class='ocrx_word' id='word_1_92' title='bbox 277 2037 387 2115; x_wconf 90' lang='lat' dir='ltr'>petere</span> <span class='ocrx_word' id='word_1_93' title='bbox 409 2033 596 2116; x_wconf 88' lang='lat' dir='ltr'>imperium,</span> <span class='ocrx_word' id='word_1_94' title='bbox 613 2034 698 2114; x_wconf 88' lang='lat' dir='ltr'>quod</span> <span class='ocrx_word' id='word_1_95' title='bbox 721 2035 849 2100; x_wconf 87' lang='lat' dir='ltr'>inanest</span> <span class='ocrx_word' id='word_1_96' title='bbox 870 2054 929 2098; x_wconf 92' lang='lat' dir='ltr'>nec</span> <span class='ocrx_word' id='word_1_97' title='bbox 952 2033 1043 2096; x_wconf 85' lang='lat' dir='ltr'>datur</span> <span class='ocrx_word' id='word_1_98' title='bbox 1065 2051 1236 2114; x_wconf 84' lang='lat' dir='ltr'>umquam,</span> 
     </span>
     <span class='ocr_line' id='line_1_16' title="bbox 182 2146 1022 2232; baseline 0.004 -24"><span class='ocrx_word' id='word_1_99' title='bbox 182 2151 278 2226; x_wconf 83' lang='lat' dir='ltr'>atque</span> <span class='ocrx_word' id='word_1_100' title='bbox 300 2146 333 2210; x_wconf 92' lang='lat' dir='ltr'>in</span> <span class='ocrx_word' id='word_1_101' title='bbox 356 2167 395 2210; x_wconf 93' lang='grc'>00</span> <span class='ocrx_word' id='word_1_102' title='bbox 418 2167 544 2232; x_wconf 81' lang='lat' dir='ltr'>semper</span> <span class='ocrx_word' id='word_1_103' title='bbox 567 2148 678 2213; x_wconf 91' lang='lat' dir='ltr'>durum</span> <span class='ocrx_word' id='word_1_104' title='bbox 701 2150 833 2215; x_wconf 84' lang='lat' dir='ltr'>sufferre</span> <span class='ocrx_word' id='word_1_105' title='bbox 856 2148 1022 2227; x_wconf 88' lang='lat' dir='ltr'>laborem,</span> 
     </span>
    </p>
   </div>
   <div class='ocr_carea' id='block_1_3' title="bbox 1 2259 938 2329">
    <p class='ocr_par' dir='ltr' id='par_1_5' title="bbox 1 2259 938 2329">
     <span class='ocr_line' id='line_1_17' title="bbox 1 2259 938 2329; baseline 0.002 -3"><span class='ocrx_word' id='word_1_106' title='bbox 1 2313 3 2326; x_wconf 77' lang='grc'>,</span> <span class='ocrx_word' id='word_1_107' title='bbox 98 2279 166 2326; x_wconf 90' lang='lat'>1000</span> <span class='ocrx_word' id='word_1_108' title='bbox 182 2259 244 2324; x_wconf 93' lang='lat' dir='ltr'>hoc</span> <span class='ocrx_word' id='word_1_109' title='bbox 266 2265 315 2326; x_wconf 90' lang='lat' dir='ltr'>est</span> <span class='ocrx_word' id='word_1_110' title='bbox 336 2262 471 2328; x_wconf 86' lang='lat' dir='ltr'>adverso</span> <span class='ocrx_word' id='word_1_111' title='bbox 494 2263 657 2328; x_wconf 83' lang='lat' dir='ltr'>nixantem</span> <span class='ocrx_word' id='word_1_112' title='bbox 679 2264 807 2329; x_wconf 86' lang='lat' dir='ltr'>trudere</span> <span class='ocrx_word' id='word_1_113' title='bbox 830 2269 938 2328; x_wconf 89' lang='lat' dir='ltr'>monte</span> 
     </span>
    </p>
   </div>
   <div class='ocr_carea' id='block_1_4' title="bbox 98 2375 1174 3951">
    <p class='ocr_par' dir='ltr' id='par_1_6' title="bbox 181 2375 1091 2468">
     <span class='ocr_line' id='line_1_18' title="bbox 181 2375 1091 2468; baseline 0.001 -29"><span class='ocrx_word' id='word_1_114' title='bbox 181 2394 314 2458; x_wconf 84' lang='lat' dir='ltr'>saxum,</span> <span class='ocrx_word' id='word_1_115' title='bbox 332 2375 417 2468; x_wconf 91' lang='lat' dir='ltr'>quod</span> <span class='ocrx_word' id='word_1_116' title='bbox 440 2382 546 2442; x_wconf 91' lang='lat' dir='ltr'>tamen</span> <span class='ocrx_word' id='word_1_117' title='bbox 569 2397 587 2441; x_wconf 95' lang='lat' dir='ltr'>e</span> <span class='ocrx_word' id='word_1_118' title='bbox 609 2399 731 2444; x_wconf 91' lang='lat' dir='ltr'>summo</span> <span class='ocrx_word' id='word_1_119' title='bbox 754 2379 819 2442; x_wconf 83' lang='lat' dir='ltr'>iam</span> <span class='ocrx_word' id='word_1_120' title='bbox 842 2379 959 2443; x_wconf 90' lang='lat' dir='ltr'>vertice</span> <span class='ocrx_word' id='word_1_121' title='bbox 981 2397 1091 2442; x_wconf 90' lang='lat' dir='ltr'>rusum</span> 
     </span>
    </p>

    <p class='ocr_par' dir='ltr' id='par_1_7' title="bbox 183 2488 1032 2576">
     <span class='ocr_line' id='line_1_19' title="bbox 183 2488 1032 2576; baseline 0.005 -24"><span class='ocrx_word' id='word_1_122' title='bbox 183 2488 319 2553; x_wconf 90' lang='lat' dir='ltr'>volvitur</span> <span class='ocrx_word' id='word_1_123' title='bbox 341 2497 372 2554; x_wconf 89' lang='lat' dir='ltr'>et</span> <span class='ocrx_word' id='word_1_124' title='bbox 393 2490 481 2574; x_wconf 86' lang='lat' dir='ltr'>plani</span> <span class='ocrx_word' id='word_1_125' title='bbox 504 2492 617 2575; x_wconf 88' lang='lat' dir='ltr'>raptim</span> <span class='ocrx_word' id='word_1_126' title='bbox 640 2493 719 2575; x_wconf 89' lang='lat' dir='ltr'>petit</span> <span class='ocrx_word' id='word_1_127' title='bbox 740 2512 883 2574; x_wconf 84' lang='lat' dir='ltr'>aequora</span> <span class='ocrx_word' id='word_1_128' title='bbox 906 2493 1032 2576; x_wconf 83' lang='lat' dir='ltr'>campi.</span> 
     </span>
    </p>

    <p class='ocr_par' dir='ltr' id='par_1_8' title="bbox 185 2602 1092 2691">
     <span class='ocr_line' id='line_1_20' title="bbox 185 2602 1092 2691; baseline 0.002 -24"><span class='ocrx_word' id='word_1_129' title='bbox 185 2602 300 2668; x_wconf 90' lang='lat' dir='ltr'>deiude</span> <span class='ocrx_word' id='word_1_130' title='bbox 322 2604 421 2669; x_wconf 92' lang='lat' dir='ltr'>animi</span> <span class='ocrx_word' id='word_1_131' title='bbox 444 2606 599 2691; x_wconf 82' lang='lat' dir='ltr'>ingratam</span> <span class='ocrx_word' id='word_1_132' title='bbox 625 2612 767 2670; x_wconf 86' lang='lat' dir='ltr'>naturam</span> <span class='ocrx_word' id='word_1_133' title='bbox 792 2626 923 2690; x_wconf 89' lang='lat' dir='ltr'>pascere</span> <span class='ocrx_word' id='word_1_134' title='bbox 946 2625 1092 2689; x_wconf 83' lang='lat' dir='ltr'>semper,</span> 
     </span>
    </p>

    <p class='ocr_par' dir='ltr' id='par_1_9' title="bbox 98 2718 1086 2921">
     <span class='ocr_line' id='line_1_21' title="bbox 183 2718 1086 2803; baseline 0.002 -23"><span class='ocrx_word' id='word_1_135' title='bbox 183 2724 279 2798; x_wconf 84' lang='lat' dir='ltr'>atque</span> <span class='ocrx_word' id='word_1_136' title='bbox 302 2718 430 2802; x_wconf 85' lang='lat' dir='ltr'>explere</span> <span class='ocrx_word' id='word_1_137' title='bbox 452 2721 546 2786; x_wconf 93' lang='lat' dir='ltr'>bonis</span> <span class='ocrx_word' id='word_1_138' title='bbox 569 2721 663 2786; x_wconf 89' lang='lat' dir='ltr'>rebus</span> <span class='ocrx_word' id='word_1_139' title='bbox 687 2721 869 2802; x_wconf 87' lang='lat' dir='ltr'>satiareque</span> <span class='ocrx_word' id='word_1_140' title='bbox 893 2739 1086 2803; x_wconf 83' lang='lat' dir='ltr'>numquam,</span> 
     </span>
     <span class='ocr_line' id='line_1_22' title="bbox 98 2832 1034 2921; baseline -0.003 -21"><span class='ocrx_word' id='word_1_141' title='bbox 98 2853 167 2900; x_wconf 82' lang='lat'>1000</span> <span class='ocrx_word' id='word_1_142' title='bbox 185 2833 270 2914; x_wconf 84' lang='lat' dir='ltr'>quod</span> <span class='ocrx_word' id='word_1_143' title='bbox 291 2832 412 2898; x_wconf 82' lang='lat' dir='ltr'>faciunt</span> <span class='ocrx_word' id='word_1_144' title='bbox 435 2835 527 2899; x_wconf 91' lang='lat' dir='ltr'>nobis</span> <span class='ocrx_word' id='word_1_145' title='bbox 550 2855 705 2903; x_wconf 85' lang='lat' dir='ltr'>annorum</span> <span class='ocrx_word' id='word_1_146' title='bbox 728 2842 873 2921; x_wconf 87' lang='lat' dir='ltr'>tempora</span> <span class='ocrx_word' id='word_1_147' title='bbox 896 2836 1034 2917; x_wconf 81' lang='lat' dir='ltr'>victum,</span> 
     </span>
    </p>

    <p class='ocr_par' dir='ltr' id='par_1_10' title="bbox 185 2947 1130 3034">
     <span class='ocr_line' id='line_1_23' title="bbox 185 2947 1130 3034; baseline 0.002 -22"><span class='ocrx_word' id='word_1_148' title='bbox 185 2967 255 3012; x_wconf 91' lang='lat' dir='ltr'>cum</span> <span class='ocrx_word' id='word_1_149' title='bbox 276 2947 429 3024; x_wconf 86' lang='lat' dir='ltr'>redeunt,</span> <span class='ocrx_word' id='word_1_150' title='bbox 445 2949 592 3032; x_wconf 84' lang='lat' dir='ltr'>fetusque</span> <span class='ocrx_word' id='word_1_151' title='bbox 614 2949 717 3014; x_wconf 85' lang='lat' dir='ltr'>ferunt</span> <span class='ocrx_word' id='word_1_152' title='bbox 738 2949 908 3032; x_wconf 86' lang='lat' dir='ltr'>variosque</span> <span class='ocrx_word' id='word_1_153' title='bbox 933 2951 1086 3034; x_wconf 88' lang='lat' dir='ltr'>lepores,</span> <span class='ocrx_word' id='word_1_154' title='bbox 1127 2949 1130 2956; x_wconf 89' lang='grc'><strong>’</strong></span> 
     </span>
    </p>

    <p class='ocr_par' dir='ltr' id='par_1_11' title="bbox 183 3063 1022 3148">
     <span class='ocr_line' id='line_1_24' title="bbox 183 3063 1022 3148; baseline 0.004 -23"><span class='ocrx_word' id='word_1_155' title='bbox 183 3081 242 3126; x_wconf 89' lang='lat' dir='ltr'>nec</span> <span class='ocrx_word' id='word_1_156' title='bbox 264 3067 372 3128; x_wconf 87' lang='lat' dir='ltr'>tamen</span> <span class='ocrx_word' id='word_1_157' title='bbox 394 3064 557 3147; x_wconf 84' lang='lat' dir='ltr'>explemur</span> <span class='ocrx_word' id='word_1_158' title='bbox 579 3063 654 3130; x_wconf 89' lang='lat' dir='ltr'>vitai</span> <span class='ocrx_word' id='word_1_159' title='bbox 677 3063 831 3130; x_wconf 85' lang='lat' dir='ltr'>fructibus</span> <span class='ocrx_word' id='word_1_160' title='bbox 852 3086 1022 3148; x_wconf 84' lang='lat' dir='ltr'>umquam,</span> 
     </span>
    </p>

    <p class='ocr_par' dir='ltr' id='par_1_12' title="bbox 182 3177 1007 3265">
     <span class='ocr_line' id='line_1_25' title="bbox 182 3177 1007 3265; baseline 0.005 -25"><span class='ocrx_word' id='word_1_161' title='bbox 182 3177 262 3254; x_wconf 84' lang='lat' dir='ltr'>hoc,</span> <span class='ocrx_word' id='word_1_162' title='bbox 279 3183 313 3242; x_wconf 86' lang='lat' dir='ltr'>ut</span> <span class='ocrx_word' id='word_1_163' title='bbox 336 3178 467 3260; x_wconf 86' lang='lat' dir='ltr'>opinor,</span> <span class='ocrx_word' id='word_1_164' title='bbox 485 3179 517 3242; x_wconf 84' lang='lat' dir='ltr'>id</span> <span class='ocrx_word' id='word_1_165' title='bbox 540 3184 608 3264; x_wconf 88' lang='lat' dir='ltr'>cst,</span> <span class='ocrx_word' id='word_1_166' title='bbox 626 3200 705 3245; x_wconf 86' lang='lat' dir='ltr'>aevo</span> <span class='ocrx_word' id='word_1_167' title='bbox 728 3180 861 3247; x_wconf 84' lang='lat' dir='ltr'>florente</span> <span class='ocrx_word' id='word_1_168' title='bbox 883 3181 1007 3265; x_wconf 85' lang='lat' dir='ltr'>puellas</span> 
     </span>
    </p>

    <p class='ocr_par' dir='ltr' id='par_1_13' title="bbox 100 3289 1152 3492">
     <span class='ocr_line' id='line_1_26' title="bbox 183 3289 1152 3378; baseline 0.002 -24"><span class='ocrx_word' id='word_1_169' title='bbox 183 3289 269 3372; x_wconf 90' lang='lat' dir='ltr'>quod</span> <span class='ocrx_word' id='word_1_170' title='bbox 291 3300 467 3358; x_wconf 88' lang='lat' dir='ltr'>memorant</span> <span class='ocrx_word' id='word_1_171' title='bbox 487 3293 615 3358; x_wconf 85' lang='lat' dir='ltr'>laticem</span> <span class='ocrx_word' id='word_1_172' title='bbox 637 3298 800 3378; x_wconf 88' lang='lat' dir='ltr'>pertusum</span> <span class='ocrx_word' id='word_1_173' title='bbox 823 3314 997 3378; x_wconf 76' lang='lat' dir='ltr'>congerere</span> <span class='ocrx_word' id='word_1_174' title='bbox 1020 3293 1053 3356; x_wconf 90' lang='lat' dir='ltr'>in</span> <span class='ocrx_word' id='word_1_175' title='bbox 1074 3313 1152 3376; x_wconf 88' lang='lat' dir='ltr'>vas,</span> 
     </span>
     <span class='ocr_line' id='line_1_27' title="bbox 100 3405 983 3492; baseline 0 -22"><span class='ocrx_word' id='word_1_176' title='bbox 100 3423 167 3471; x_wconf 73' lang='grc'>1010</span> <span class='ocrx_word' id='word_1_177' title='bbox 186 3405 270 3486; x_wconf 91' lang='lat' dir='ltr'>quod</span> <span class='ocrx_word' id='word_1_178' title='bbox 293 3411 398 3470; x_wconf 87' lang='lat' dir='ltr'>tamen</span> <span class='ocrx_word' id='word_1_179' title='bbox 422 3407 540 3490; x_wconf 83' lang='lat' dir='ltr'>expleri</span> <span class='ocrx_word' id='word_1_180' title='bbox 565 3409 654 3472; x_wconf 86' lang='lat' dir='ltr'>nulla</span> <span class='ocrx_word' id='word_1_181' title='bbox 677 3409 798 3473; x_wconf 87' lang='lat' dir='ltr'>ratione</span> <span class='ocrx_word' id='word_1_182' title='bbox 820 3413 983 3492; x_wconf 87' lang='lat' dir='ltr'>potestur.</span> 
     </span>
    </p>

    <p class='ocr_par' dir='ltr' id='par_1_14' title="bbox 185 3519 1018 3607">
     <span class='ocr_line' id='line_1_28' title="bbox 185 3519 1018 3607; baseline 0.005 -25"><span class='ocrx_word' id='word_1_183' title='bbox 185 3519 340 3584; x_wconf 86' lang='lat' dir='ltr'>Cerberus</span> <span class='ocrx_word' id='word_1_184' title='bbox 363 3527 395 3586; x_wconf 90' lang='lat' dir='ltr'>et</span> <span class='ocrx_word' id='word_1_185' title='bbox 416 3522 516 3586; x_wconf 86' lang='lat' dir='ltr'>suriae</span> <span class='ocrx_word' id='word_1_186' title='bbox 539 3523 604 3587; x_wconf 90' lang='lat' dir='ltr'>iam</span> <span class='ocrx_word' id='word_1_187' title='bbox 626 3541 722 3607; x_wconf 85' lang='lat' dir='ltr'>vero,</span> <span class='ocrx_word' id='word_1_188' title='bbox 740 3529 771 3587; x_wconf 89' lang='lat' dir='ltr'>et</span> <span class='ocrx_word' id='word_1_189' title='bbox 793 3522 873 3587; x_wconf 81' lang='lat' dir='ltr'>tucis</span> <span class='ocrx_word' id='word_1_190' title='bbox 896 3541 1018 3606; x_wconf 84' lang='lat' dir='ltr'>egenus</span> 
     </span>
    </p>

    <p class='ocr_par' dir='ltr' id='par_1_15' title="bbox 183 3634 1018 3713">
     <span class='ocr_line' id='line_1_29' title="bbox 183 3634 1018 3713; baseline 0.005 -17"><span class='ocrx_word' id='word_1_191' title='bbox 183 3635 336 3698; x_wconf 85' lang='lat' dir='ltr'>Tartarus</span> <span class='ocrx_word' id='word_1_192' title='bbox 359 3634 531 3701; x_wconf 81' lang='lat' dir='ltr'>horriferos</span> <span class='ocrx_word' id='word_1_193' title='bbox 554 3643 701 3703; x_wconf 84' lang='lat' dir='ltr'>eructans</span> <span class='ocrx_word' id='word_1_194' title='bbox 723 3636 868 3702; x_wconf 83' lang='lat' dir='ltr'>faucibus</span> <span class='ocrx_word' id='word_1_195' title='bbox 889 3643 1018 3713; x_wconf 86' lang='lat' dir='ltr'>aestus,</span> 
     </span>
    </p>

    <p class='ocr_par' dir='ltr' id='par_1_16' title="bbox 183 3748 1174 3836">
     <span class='ocr_line' id='line_1_30' title="bbox 183 3748 1174 3836; baseline 0.004 -24"><span class='ocrx_word' id='word_1_196' title='bbox 183 3748 287 3828; x_wconf 82' lang='lat' dir='ltr'>quid?</span> <span class='ocrx_word' id='word_1_197' title='bbox 303 3769 407 3830; x_wconf 90' lang='lat' dir='ltr'>neque</span> <span class='ocrx_word' id='word_1_198' title='bbox 428 3757 502 3814; x_wconf 87' lang='lat' dir='ltr'>sunt</span> <span class='ocrx_word' id='word_1_199' title='bbox 523 3772 657 3833; x_wconf 84' lang='lat' dir='ltr'>usquam</span> <span class='ocrx_word' id='word_1_200' title='bbox 680 3773 739 3818; x_wconf 89' lang='lat' dir='ltr'>nec</span> <span class='ocrx_word' id='word_1_201' title='bbox 760 3757 896 3836; x_wconf 89' lang='lat' dir='ltr'>possunt</span> <span class='ocrx_word' id='word_1_202' title='bbox 918 3769 989 3816; x_wconf 90' lang='lat' dir='ltr'>esse</span> <span class='ocrx_word' id='word_1_203' title='bbox 1011 3751 1174 3836; x_wconf 85' lang='lat' dir='ltr'>profecto:</span> 
     </span>
    </p>

    <p class='ocr_par' dir='ltr' id='par_1_17' title="bbox 182 3863 1004 3951">
     <span class='ocr_line' id='line_1_31' title="bbox 182 3863 1004 3951; baseline 0.006 -26"><span class='ocrx_word' id='word_1_204' title='bbox 182 3863 239 3926; x_wconf 91' lang='lat' dir='ltr'>sed</span> <span class='ocrx_word' id='word_1_205' title='bbox 262 3869 364 3928; x_wconf 91' lang='lat' dir='ltr'>metus</span> <span class='ocrx_word' id='word_1_206' title='bbox 386 3863 417 3926; x_wconf 92' lang='lat' dir='ltr'>in</span> <span class='ocrx_word' id='word_1_207' title='bbox 440 3864 505 3929; x_wconf 89' lang='lat' dir='ltr'>vita</span> <span class='ocrx_word' id='word_1_208' title='bbox 527 3885 700 3947; x_wconf 81' lang='lat' dir='ltr'>poenarum</span> <span class='ocrx_word' id='word_1_209' title='bbox 724 3888 781 3951; x_wconf 94' lang='lat' dir='ltr'>pro</span> <span class='ocrx_word' id='word_1_210' title='bbox 805 3865 1004 3932; x_wconf 83' lang='lat' dir='ltr'>malefactis</span> 
     </span>
    </p>
   </div>
   <div class='ocr_carea' id='block_1_5' title="bbox 183 4045 383 4055">
    <p class='ocr_par' dir='ltr' id='par_1_18' title="bbox 183 4045 383 4055">
     <span class='ocr_line' id='line_1_32' title="bbox 183 4045 383 4055; baseline 0.005 -1"><span class='ocrx_word' id='word_1_211' title='bbox 183 4045 383 4055; x_wconf 44' lang='grc'>*-</span> 
     </span>
    </p>
   </div>
   <div class='ocr_carea' id='block_1_6' title="bbox 185 4161 1303 4410">
    <p class='ocr_par' dir='ltr' id='par_1_19' title="bbox 185 4161 1303 4410">
     <span class='ocr_line' id='line_1_33' title="bbox 186 4161 1303 4238; baseline 0.007 -26"><span class='ocrx_word' id='word_1_212' title='bbox 186 4163 236 4214; x_wconf 85' lang='grc'>985</span> <span class='ocrx_word' id='word_1_213' title='bbox 256 4163 317 4226; x_wconf 89' lang='lat' dir='ltr'>quid</span> <span class='ocrx_word' id='word_1_214' title='bbox 338 4161 352 4234; x_wconf 96' lang='grc' dir='ltr'>Η</span> <span class='ocrx_word' id='word_1_215' title='bbox 372 4167 422 4216; x_wconf 88' lang='lat'>988</span> <span class='ocrx_word' id='word_1_216' title='bbox 441 4163 559 4229; x_wconf 85' lang='lat' dir='ltr'>dispersis</span> <span class='ocrx_word' id='word_1_217' title='bbox 579 4163 593 4234; x_wconf 99' lang='grc' dir='ltr'>Η</span> <span class='ocrx_word' id='word_1_218' title='bbox 614 4167 663 4216; x_wconf 78' lang='grc'>992</span> <span class='ocrx_word' id='word_1_219' title='bbox 678 4181 703 4216; x_wconf 82' lang='grc'>00</span> <span class='ocrx_word' id='word_1_220' title='bbox 723 4165 736 4235; x_wconf 99' lang='grc' dir='ltr'>Η</span> <span class='ocrx_word' id='word_1_221' title='bbox 757 4170 808 4218; x_wconf 88' lang='grc'>994</span> <span class='ocrx_word' id='word_1_222' title='bbox 827 4168 962 4234; x_wconf 88' lang='lat' dir='ltr'>curpedine</span> <span class='ocrx_word' id='word_1_223' title='bbox 982 4166 996 4238; x_wconf 96' lang='grc' dir='ltr'>Η</span> <span class='ocrx_word' id='word_1_224' title='bbox 1015 4170 1065 4219; x_wconf 79' lang='grc'>997</span> <span class='ocrx_word' id='word_1_225' title='bbox 1085 4167 1200 4230; x_wconf 86' lang='lat' dir='ltr'>tristique</span> <span class='ocrx_word' id='word_1_226' title='bbox 1220 4166 1234 4238; x_wconf 99' lang='grc' dir='ltr'>Η</span> <span class='ocrx_word' id='word_1_227' title='bbox 1254 4171 1303 4220; x_wconf 92' lang='grc'>999</span> 
     </span>
     <span class='ocr_line' id='line_1_34' title="bbox 185 4249 1303 4326; baseline 0.011 -28"><span class='ocrx_word' id='word_1_228' title='bbox 185 4249 299 4300; x_wconf 78' lang='lat' dir='ltr'>laborem</span> <span class='ocrx_word' id='word_1_229' title='bbox 311 4252 432 4303; x_wconf 84' lang='lat' dir='ltr'>sufferre.</span> <span class='ocrx_word' id='word_1_230' title='bbox 447 4252 460 4321; x_wconf 96' lang='grc' dir='ltr'>Η</span> <span class='ocrx_word' id='word_1_231' title='bbox 483 4255 546 4303; x_wconf 89' lang='grc'>1001</span> <span class='ocrx_word' id='word_1_232' title='bbox 562 4269 575 4302; x_wconf 84' lang='grc'>0</span> <span class='ocrx_word' id='word_1_233' title='bbox 589 4254 729 4304; x_wconf 81' lang='lat' dir='ltr'>omissam.</span> <span class='ocrx_word' id='word_1_234' title='bbox 744 4253 757 4323; x_wconf 96' lang='grc' dir='ltr'>Η</span> <span class='ocrx_word' id='word_1_235' title='bbox 774 4258 839 4305; x_wconf 82' lang='lat'>1005</span> <span class='ocrx_word' id='word_1_236' title='bbox 853 4257 965 4307; x_wconf 90' lang='lat' dir='ltr'>circum.</span> <span class='ocrx_word' id='word_1_237' title='bbox 980 4253 994 4323; x_wconf 96' lang='grc' dir='ltr'>Η</span> <span class='ocrx_word' id='word_1_238' title='bbox 1016 4259 1081 4306; x_wconf 92' lang='grc'>1009</span> <span class='ocrx_word' id='word_1_239' title='bbox 1096 4271 1186 4318; x_wconf 83' lang='lat' dir='ltr'>cogere</span> <span class='ocrx_word' id='word_1_240' title='bbox 1206 4253 1219 4326; x_wconf 97' lang='grc' dir='ltr'>Η</span> <span class='ocrx_word' id='word_1_241' title='bbox 1236 4262 1303 4310; x_wconf 94' lang='grc'>1010</span> 
     </span>
     <span class='ocr_line' id='line_1_35' title="bbox 187 4333 1113 4410; baseline 0.008 -25"><span class='ocrx_word' id='word_1_242' title='bbox 187 4333 273 4406; x_wconf 84' lang='grc' dir='ltr'>011οΗ</span> <span class='ocrx_word' id='word_1_243' title='bbox 294 4341 359 4388; x_wconf 91' lang='grc'>1011</span> <span class='ocrx_word' id='word_1_244' title='bbox 381 4340 457 4390; x_wconf 76' lang='lat' dir='ltr'>iunco</span> <span class='ocrx_word' id='word_1_245' title='bbox 477 4339 490 4409; x_wconf 95' lang='grc' dir='ltr'>Η</span> <span class='ocrx_word' id='word_1_246' title='bbox 511 4348 641 4402; x_wconf 82' lang='lat' dir='ltr'>segcstas.</span> <span class='ocrx_word' id='word_1_247' title='bbox 662 4334 676 4408; x_wconf 96' lang='grc' dir='ltr'>Η</span> <span class='ocrx_word' id='word_1_248' title='bbox 698 4343 764 4390; x_wconf 86' lang='grc'>1010</span> <span class='ocrx_word' id='word_1_249' title='bbox 783 4342 833 4403; x_wconf 88' lang='lat' dir='ltr'>Qui</span> <span class='ocrx_word' id='word_1_250' title='bbox 854 4341 868 4410; x_wconf 96' lang='grc' dir='ltr'>Η</span> <span class='ocrx_word' id='word_1_251' title='bbox 890 4346 957 4392; x_wconf 88' lang='grc'>1014</span> <span class='ocrx_word' id='word_1_252' title='bbox 976 4357 1113 4406; x_wconf 87' lang='lat' dir='ltr'>paenarum</span> 
     </span>
    </p>
   </div>
   <div class='ocr_carea' id='block_1_7' title="bbox 0 0 1645 4994">
    <p class='ocr_par' dir='ltr' id='par_1_20' title="bbox 0 0 1645 4994">
     <span class='ocr_line' id='line_1_36' title="bbox 0 0 1645 4994; baseline 0 0"><span class='ocrx_word' id='word_1_253' title='bbox 0 0 1645 4994; x_wconf 95' lang='lat' dir='ltr'> </span> 
     </span>
    </p>
   </div>
  </div>
 </body>
</html>
