3236 5020
268 413 285 436 ⁴
364 403 407 468 84
904 398 948 461 ΙΙΙ

361 567 506 633 laetitiae
529 568 688 633 mulcent:
705 567 756 634 hie
780 589 855 653 ergo
879 587 970 633 mens
994 568 1231 648 animusquest.

366 689 474 748 cetera
496 703 572 766 pars
595 683 721 748 animae
744 703 802 766 per
823 689 921 747 totum
946 681 1060 748 dissita
1083 702 1198 766 corpus

364 803 457 880 paret
480 803 512 861 et
533 797 576 861 ad
590 815 714 862 numen
738 798 852 862 mentis
876 815 1065 878 momenque
1090 803 1251 862 movetur.

291 931 339 978 145
366 911 462 993 idque
485 911 547 975 sibi
569 912 670 976 solum
695 931 810 996 perse
833 913 934 995 sapit:
951 912 983 974 ld
1007 911 1068 975 sibi
1090 911 1229 995 gaudet,

364 1045 434 1090 cum
457 1044 562 1107 neque
585 1044 637 1091 res
660 1025 800 1089 animam
823 1045 926 1106 neque
949 1045 1063 1108 corpus
1086 1030 1263 1092 commovet
1285 1045 1369 1092 nna.

364 1147 396 1205 at
418 1140 529 1224 quasi,
547 1161 615 1204 cum
640 1145 734 1222 eaput
757 1145 812 1203 aut
834 1141 942 1204 oculus
964 1144 1139 1224 temptante
1162 1140 1273 1205 dolore
1325 1191 1330 1201 .

365 1255 503 1318 laeditur
525 1255 557 1317 in
580 1253 672 1318 nobis
684 1303 695 1349 ,1
709 1273 773 1318 non
797 1255 881 1317 omui
905 1237 1146 1319 concruciamur

366 1388 518 1452 corpore,
536 1369 582 1433 sie
604 1369 729 1432 animus
752 1389 815 1433 nou
839 1385 1012 1450 numquam
1034 1368 1172 1433 laeditur
1195 1369 1264 1451 ipse

292 1503 341 1550 150
365 1483 550 1564 laetitiaque
572 1483 679 1566 viget,
696 1503 766 1548 cum
790 1491 895 1548 cetera
916 1503 991 1567 pars
1013 1483 1132 1548 animai

367 1617 426 1682 per
448 1598 590 1662 membra
612 1603 708 1678 atque
731 1604 819 1662 artus
841 1599 928 1662 nulla
951 1599 1093 1662 novitate
1116 1597 1234 1662 cietur:
1325 1683 1331 1694 ¹

366 1732 477 1777 verum
500 1713 553 1776 ubi
577 1713 713 1776 vementi
734 1714 836 1796 magis
860 1718 908 1777 est
930 1718 1088 1777 commota
1112 1720 1196 1778 metu
1218 1731 1329 1788 urens,

367 1826 546 1891 consentire
569 1826 706 1889 animam
730 1832 827 1890 totam
851 1846 910 1910 per
932 1827 1076 1892 membra
1098 1826 1266 1898 videmus.

367 1941 565 2023 sudoresque
587 1941 633 2004 ita
655 1940 877 2024 palloremque
900 1941 1037 2006 existere
1060 1945 1125 2004 toto

294 2075 342 2122 155
368 2076 501 2138 corpore
525 2061 555 2118 et
577 2053 707 2135 infringi
729 2054 873 2134 lingnam
897 2074 1069 2136 vocemque
1092 2054 1231 2131 aboriri,

368 2169 509 2250 caligare
532 2169 662 2251 oculos,
679 2187 794 2232 sonere
817 2169 924 2251 auris,
941 2168 1104 2233 succidere
1127 2176 1233 2253 artus,

368 2283 505 2364 denique
529 2283 697 2347 concidere
720 2302 760 2345 ex
784 2282 881 2345 animi
904 2289 1024 2346 terrore
1047 2281 1192 2348 videmus

369 2418 466 2482 saepe
489 2398 654 2480 homines3
672 2395 769 2460 facile
791 2402 825 2459 ut
849 2395 952 2477 quivis
975 2397 1046 2461 hine
1068 2417 1201 2462 noscere
1223 2399 1325 2480 possit

367 2531 439 2578 esse
462 2513 601 2578 animam
624 2531 693 2576 cum
716 2511 821 2574 auimo
845 2511 1043 2575 coniunctum
1058 2563 1065 2587 ‚
1083 2531 1165 2592 qnae
1188 2532 1259 2576 cum
1282 2512 1381 2576 animi
1403 2511 1435 2577 vi

294 2649 343 2695 reo
368 2633 568 2712 percussam,
589 2627 673 2692 enim
697 2644 811 2709 eorpus
833 2627 984 2710 propellit
1007 2629 1037 2691 et
1059 2626 1134 2691 icit.

407 2743 495 2807 Haec
518 2741 631 2805 eadem
653 2740 734 2804 ratio
759 2745 904 2804 naturam
926 2738 1023 2803 animi
1047 2745 1144 2822 atque
1167 2740 1287 2804 animai

369 2875 557 2940 corpoream
581 2857 675 2919 docet
697 2873 788 2918 esse:
805 2854 858 2916 ubi
882 2854 964 2918 enim
988 2855 1170 2938 propellere
1192 2855 1354 2938 membra,

368 2971 529 3054 corripere
552 2989 592 3033 ex
616 2989 727 3034 somno
750 2988 864 3052 corpus
880 3017 887 3052 ,
906 2975 1093 3048 mutareque
1115 2968 1235 3032 vultum

369 3092 466 3166 atque
491 3084 652 3149 hominem
673 3090 774 3148 totum
795 3103 907 3164 regere
930 3103 967 3147 ao
989 3101 1120 3146 versare
1141 3082 1285 3165 videtur,

295 3222 343 3268 ree
369 3220 499 3282 quornm
524 3198 568 3262 nil
591 3196 657 3265 fieri
682 3198 750 3262 sine
773 3205 859 3263 tactu
881 3217 977 3282 posse
1000 3196 1165 3274 videmus,

369 3335 428 3380 nec
449 3320 566 3380 tactum
588 3334 683 3398 porro
708 3313 775 3378 sine
798 3331 950 3397 corpore,
966 3331 1072 3376 nonne
1093 3311 1287 3375 fatendumst

322 3434 326 3442 '
369 3447 522 3513 corporea
543 3433 656 3492 natura
679 3428 820 3492 animum
846 3435 992 3492 constare
1015 3427 1245 3504 animamque?

367 3551 536 3628 praeterea
559 3543 678 3627 pariter
701 3542 793 3624 fungi
817 3562 887 3608 cum
910 3560 1043 3623 corpore
1067 3543 1099 3604 et
1120 3558 1185 3602 una

368 3657 546 3722 consentire
567 3658 705 3721 animum
728 3658 821 3722 nobis
843 3658 875 3721 in
900 3673 1031 3737 corpore
1055 3653 1178 3718 cernis.

294 3792 343 3841 1111
369 3773 396 3837 si
419 3774 522 3838 minus
544 3773 678 3838 offendit
700 3773 797 3837 vitam
820 3772 867 3835 vis
888 3768 1019 3832 horrida
1040 3767 1097 3831 teli

367 3890 493 3954 ossibus
517 3908 556 3953 ac
578 3887 685 3953 neruis
708 3885 856 3987 disclusis
877 3884 962 3946 intus
984 3881 1119 3961 adacta,

367 4009 400 4068 at
421 4009 528 4069 tamen
550 4001 728 4083 insequitur
749 4000 886 4079 languor
907 4004 1076 4080 terraeque
1099 3998 1217 4083 petitus

373 4272 422 4318 145
441 4267 467 4315 id
486 4267 626 4318 emiorum.
650 4263 662 4333 ll
690 4269 736 4315 151
758 4265 970 4317 novitatlicietur.
994 4264 1008 4336 Η
1035 4270 1084 4316 154
1103 4265 1189 4326 itaque
1207 4265 1330 4327 pallorem
1356 4258 1369 4333 Η
1397 4265 1445 4313 159
1466 4263 1489 4313 ri

370 4357 510 4414 omissam.
531 4350 545 4424 ΙΙ
567 4357 616 4404 165
636 4355 690 4404 fleri
711 4351 724 4422 ΙΙ
746 4358 795 4404 110
815 4357 922 4406 offendis
943 4359 954 4420 l}
975 4356 1036 4404 leti.
1058 4354 1071 4421 Η
1094 4355 1142 4400 lta
1161 4351 1305 4414 insequetur
