3240 5010
12 117 16 187 l

12 213 15 336 l

12 439 13 508 l

12 579 15 696 l

714 389 758 455 Vl

175 570 207 630 et
228 565 392 630 condensa
414 570 533 646 queant
554 582 711 646 apparere
736 569 766 628 et
788 561 882 626 simul
904 562 974 647 ipso

171 678 289 745 vertice
313 680 352 745 de
377 680 490 744 montis
513 678 680 743 videantur
703 697 835 762 surgere
858 679 891 742 in
914 679 1080 743 aethram:

174 815 243 860 nam
267 795 339 860 loca
362 795 506 860 declarat
529 816 653 860 sursum
676 800 807 858 ventosa
830 800 939 877 patere
1017 839 1022 853 ,

170 929 222 975 res
242 909 313 994 ipsa
336 914 367 975 et
389 929 521 994 sensus,
539 911 653 976 montis
677 931 747 974 cum
769 907 971 974 ascendimus
994 908 1097 972 altos.

87 1046 145 1092 470
172 1033 340 1109 praeterea
362 1027 521 1110 permulta
543 1025 623 1091 mari
648 1045 775 1106 quoque
797 1023 907 1088 tollere
930 1029 996 1088 toto

173 1160 305 1222 corpora
328 1145 475 1206 naturam
498 1140 664 1206 declarant
686 1140 779 1204 litore
800 1145 906 1204 vestes

173 1274 365 1337 suspensae,
383 1275 453 1320 cum
476 1257 658 1340 concipiunt
682 1254 799 1319 umoris
823 1254 1018 1318 adhaesum.

173 1390 235 1451 quo
259 1369 361 1453 magis
385 1370 429 1434 ad
450 1371 543 1436 nubis
566 1371 731 1455 augendas
756 1370 852 1434 multa
875 1367 1021 1432 videntur

171 1504 268 1568 posse
292 1506 419 1567 quoque
443 1507 459 1550 e
482 1487 571 1552 salso
595 1505 788 1567 consurgere
812 1485 949 1549 momine
971 1485 1080 1568 ponti:

91 1621 148 1667 475
174 1620 249 1665 nam
272 1601 351 1665 ratio
375 1601 645 1680 consanguineast
667 1601 831 1665 umoribus
855 1600 946 1664 ollis.

171 1721 339 1799 praeterea
360 1715 464 1781 fluviis
487 1733 527 1780 cx
550 1715 697 1780 omnibus
721 1719 752 1776 et
775 1713 867 1776 simul
890 1714 963 1797 ipsa

174 1849 305 1912 surgere
328 1829 369 1894 de
392 1838 476 1895 terra
498 1830 632 1894 nebulas
655 1835 842 1910 aestumque
865 1829 1029 1905 videmus,

174 1965 259 2028 quae
281 1947 333 2011 vel
355 1951 390 2010 ut
412 1945 508 2010 alitus
532 1945 605 2010 hinc
627 1945 671 2008 ita
694 1963 819 2008 sursum
842 1963 994 2027 expressa
1016 1943 1161 2009 feruntur

175 2059 425 2143 suffunduntque
447 2081 505 2124 sua
528 2061 655 2124 eaelum
679 2060 815 2140 caligine
839 2065 870 2122 et
892 2060 973 2124 altas

12 2185 13 2194 ’
94 2197 148 2244 480
174 2174 336 2240 sufficiunt
358 2174 452 2239 nubis
474 2175 630 2258 paulatim
653 2173 895 2238 conveniuudo:

173 2296 264 2374 urget
287 2290 369 2354 enim
395 2307 522 2370 quoque
546 2288 690 2372 signiferi
715 2307 810 2370 super
832 2289 970 2352 aetheris
994 2296 1101 2354 aestus

172 2412 204 2471 et
226 2405 319 2486 quasi
341 2402 507 2468 densendo
531 2403 671 2466 subtexit
694 2403 822 2467 caerula
845 2403 981 2467 nimbis.

171 2519 206 2583 fit
228 2537 355 2600 quoque
378 2524 412 2581 ut
434 2516 496 2581 buo
518 2518 647 2586 veniant
668 2517 701 2580 in
725 2517 850 2581 caelum
874 2517 1068 2582 extrinsecus
1090 2517 1147 2581 illa

173 2652 307 2716 corpora
330 2651 413 2714 quae
437 2631 559 2697 faciunt
581 2632 674 2696 nubis
698 2631 884 2711 nimbosque
907 2631 1064 2695 volantis:

12 2811 13 2814 ,
95 2767 148 2814 485
174 2748 439 2814 innumerabilem
462 2748 545 2811 enirn
568 2766 732 2810 numerum
756 2765 977 2827 summamque
998 2745 1148 2828 profundi

174 2881 247 2927 csse
268 2861 423 2927 infinitam
447 2862 560 2944 docui,
578 2867 760 2942 quantaque
783 2861 930 2924 volarent

173 2997 307 3060 corpora
328 2978 506 3042 mobilitate
530 2975 655 3041 ostendi
679 2995 836 3058 quamque
860 2983 991 3058 repente

172 3091 412 3156 inmemorabile
434 3113 492 3176 per
516 3090 654 3175 spatium
676 3091 814 3156 transire
837 3091 994 3156 solerent.

172 3204 249 3269 haut
271 3206 367 3287 igitur
392 3208 553 3290 mirumst,
570 3207 597 3271 si
621 3227 719 3288 parvo
742 3212 883 3290 tempore
906 3227 1004 3292 saepe

99 3339 148 3387 rso
173 3325 240 3383 tam
261 3321 388 3403 magnis
411 3322 526 3385 nimbis
549 3327 723 3404 tempestas
746 3327 843 3401 atque
866 3325 1018 3386 tenebrae

173 3435 338 3517 coperiant
359 3434 462 3500 maria
484 3455 521 3498 ae
543 3441 645 3498 terras
666 3435 802 3515 inpensa
825 3454 981 3518 superne,

173 3548 314 3630 undique
339 3547 598 3631 quandoquidem
620 3567 678 3631 per
701 3549 811 3612 caulas
834 3549 973 3613 aetheris
998 3550 1100 3614 omnis

175 3669 205 3726 et
228 3666 319 3744 quasi
341 3685 399 3747 per
422 3663 530 3748 magni
555 3663 673 3727 eireum
695 3662 857 3745 spiracula
879 3663 987 3726 mundi

104 3860 113 3874 ι
174 3778 279 3844 exitus
302 3779 512 3859 introitusque
535 3777 702 3844 elementis
726 3776 869 3841 redditus
893 3782 998 3842 extat.

174 3976 375 3984 ——--——-...

887 4002 903 4030 Ι

176 4109 226 4158 466
247 4109 434 4171 condensatque
452 4113 507 4157 arta
526 4123 614 4172 parere
641 4105 654 4177 ΙΙ
681 4113 730 4159 467
750 4109 865 4160 videatur
890 4110 900 4176 {2
927 4109 1021 4161 46810
1047 4108 1060 4179 ll
1085 4113 1134 4160 469
1154 4127 1253 4162 sensum
1280 4110 1293 4180 Η

177 4198 228 4245 473
242 4196 317 4257 Quod
338 4195 351 4264 Η
372 4198 423 4244 474
436 4193 565 4244 mhomine
585 4194 598 4263 l}
618 4200 669 4247 475
682 4199 872 4262 consanguinea
891 4213 916 4247 se
937 4195 950 4266 Η
970 4199 1067 4247 omnis.
1089 4197 1102 4266 lt
1123 4201 1172 4247 476
1193 4199 1266 4247 fluvis
1280 4196 1294 4266 Η

176 4284 225 4332 481
246 4283 322 4348 Urgit
346 4281 358 4350 ΙΙ
382 4299 444 4348 supe
468 4279 481 4350 ΙΙ
505 4285 555 4332 483
575 4283 642 4333 hune
662 4283 675 4350 Η
696 4285 751 4334 illi.
773 4284 785 4354 Η
806 4287 857 4335 488
876 4300 920 4350 per
939 4287 1078 4336 omissum.
1099 4282 1112 4354 Η
1133 4287 1183 4336 490
1202 4287 1295 4337 montis

177 4368 333 4439 tempestati
352 4375 402 4421 491
423 4371 562 4437 Coperiant
582 4369 593 4438 Η
615 4373 665 4420 492
685 4374 770 4422 cavius
