3236 5020
358 389 379 451 4
915 391 928 452 l

356 553 616 649 frondiferasque
640 556 752 620 domos
775 559 879 660 agium
905 579 1100 642 camposque
1124 562 1255 630 virentis

359 669 505 734 omnibus
528 671 684 736 incutiens
706 672 858 736 blandu'm
881 693 938 756 pei·
962 679 1091 758 pectora
1114 697 1257 742 amorem

294 805 327 849 ao
359 783 460 847 efticis
483 791 516 847 ut
539 784 653 868 cupide
666 788 853 874 generatim
878 789 986 852 saecla
1011 797 1213 874 propagent.

359 918 441 979 quae
465 899 614 980 quoniam
638 921 740 964 mrum
766 909 908 966 naturam
932 903 1001 966 sola
1024 903 1207 990 gubernas,

357 1032 416 1076 nec
439 1013 507 1077 sine
530 1021 561 1078 te
585 1014 753 1096 quicquam
776 1016 846 1080 dias
869 1016 901 1080 in
924 1017 1052 1082 lmninis
1075 1039 1148 1110 opas

357 1129 495 1192 exoritur·
516 1149 619 1211 neque
642 1130 676 1193 fit
698 1130 817 1192 laetum
839 1149 941 1210 neque
964 1131 1102 1195 amabile
1125 1133 1315 1218 quicquam,

357 1251 389 1308 te
413 1245 534 1309 sociam
557 1243 668 1310 studeo
692 1243 869 1308 scribendis
892 1241 1037 1309 versibus
1060 1266 1151 1330 esse,

293 1379 325 1423 aa
358 1378 438 1438 quos
461 1379 520 1441 ego
543 1358 584 1423 de
607 1379 711 1423 rerum
736 1365 849 1421 natura
872 1376 1014 1441 pangere
1037 1380 1134 1425 conor

283 1460 286 1466 ¹
354 1474 565 1538 Memmiadae
587 1480 716 1550 nostro,
741 1492 834 1554 (quem
858 1480 907 1550 tu,
932 1473 1012 1550 dea,
1037 1480 1179 1560 tempore
1201 1477 1234 1540 in
1257 1479 1342 1542 urrini

324 1653 332 1679 Ι
356 1589 503 1653 omnibus
525 1595 672 1653 ornatum
694 1587 822 1653 voluisti
845 1589 1004 1655 excellere
1031 1593 1146 1656 rebus.

357 1723 419 1785 quo
441 1705 546 1786 magis
569 1710 730 1768 aeternum
754 1705 796 1770 da
820 1705 930 1780 dictio,
957 1703 1051 1781 diva,
1075 1706 1240 1790 leporem,

357 1816 450 1882 effice
472 1825 505 1880 ut
527 1817 650 1882 interea
672 1819 744 1883 fera
766 1840 920 1885 moenera
942 1820 1067 1883 militiai

291 1953 324 1998 ac
355 1952 413 2014 per
436 1933 601 1998 marinae
624 1939 725 1999 terras
749 1934 852 2000 omnis
876 1935 982 2019 sopita
1005 1935 1192 2021 quiescant:

357 2068 430 2112 nam
452 2055 486 2112 tu
508 2048 578 2113 sola
601 2055 693 2132 potes
714 2050 886 2130 tranquilla
908 2069 989 2133 piace
1010 2044 1128 2114 iuvare

355 2163 519 2246 mortalis,
544 2162 696 2244 quoniam
719 2165 797 2228 belli
819 2164 889 2229 fera
911 2185 1064 2229 moenera
1087 2165 1214 2228 Mavors

357 2279 553 2362 armipotens
576 2280 676 2362 regit,
700 2279 731 2341 in
756 2280 910 2362 gremimn
934 2280 986 2360 qui
1010 2298 1109 2362 saepe
1131 2285 1216 2342 tuum
1241 2299 1275 2342 se

356 2393 444 2458 reicit
466 2400 596 2457 aeterno
620 2393 914 2458 devictus-vulnere
938 2393 1077 2477 amoris,

292 2531 323 2576 35
356 2515 450 2594 atque
472 2508 517 2572 ita
542 2508 738 2592 suspiciens,
763 2509 852 2572 tereti
876 2509 1000 2573 cervice
1020 2515 1171 2591 reposta,
1192 2573 1200 2588 ,

354 2615 458 2708 pascit
481 2643 588 2688 aurore
611 2623 744 2700 avidos,
767 2623 893 2726 inhians
914 2623 947 2686 in
970 2630 1021 2698 te,
1045 2624 1125 2706 dea,
1149 2624 1255 2702 visus,

354 2741 435 2822 eqbe
458 2747 510 2803 tuo
534 2739 653 2822 pendet
676 2716 821 2822 resupini
840 2739 967 2820 spiritus
991 2759 1066 2818 ore.

353 2851 436 2917 hunc
458 2858 510 2933 tu,
534 2851 627 2926 diva,
651 2859 704 2914 tno
728 2851 929 2914 recubantem
953 2871 1085 2934 corpore
1112 2859 1222 2917 sandto

326 2968 473 3058 ‘Jcireum
495 2966 566 3029 lirsa
589 2985 703 3048 super,
729 2965 836 3031 sclavis
860 2985 900 3028 ex
923 2984 979 3028 ore
1003 2965 1161 3045 loquellas

290 3105 324 3149 40
354 3081 450 3146 funde
473 3088 584 3166 petens
606 3080 767 3164 placidam
789 3079 959 3161 Romanis,
984 3078 1121 3163 incluta,
1146 3098 1278 3163 pacem:

354 3218 427 3261 nam
450 3215 555 3277 neque
579 3217 637 3260 nos
660 3215 758 3276 agere
781 3195 841 3259 hoc
863 3195 977 3278 patriai
1001 3201 1142 3278 tempore
1165 3193 1273 3274 iniquo

354 3291 521 3396 quaesumus
545 3331 648 3392 aequo
672 3310 778 3373 animo
802 3329 861 3374 nec
885 3311 1009 3374 llemmi
1033 3311 1121 3374 clara
1143 3329 1289 3392 propago

354 3427 469 3489 talibus
491 3426 523 3488 in
546 3425 641 3489 rebus
665 3425 822 3488 communi
845 3426 940 3489 desse
963 3425 1079 3488 saluti.

906 3571 924 3609 ii·

290 3795 322 3840 ac
354 3771 437 3854 quod
461 3789 555 3854 super
576 3777 641 3852 est,
666 3789 786 3834 vacuas
807 3768 893 3832 auris
916 3768 1118 3846 animumque
1143 3787 1294 3849 sagacem

352 3894 506 3952 seruolum
531 3906 551 3949 a
574 3885 656 3950 euris
679 3884 796 3948 adhibe
819 3875 925 3947 veram
949 3880 991 3944 ad
1014 3881 1192 3954 rationem;

356 4190 385 4235 21
407 4189 531 4235 oculatum
552 4184 563 4254 ll
585 4189 617 4234 32
637 4201 741 4234 monera
761 4183 774 4252 ΙΙ
796 4187 827 4231 33
846 4183 944 4245 regium
958 4182 983 4229 in
996 4182 1169 4244 gremiumque
1190 4176 1202 4245 Η
1224 4179 1255 4224 35
1276 4174 1343 4222 teriti
1365 4169 1378 4242 ll
1399 4177 1432 4222 43
1450 4175 1474 4222 id

354 4290 406 4322 esse
432 4273 444 4340 ll
469 4274 861 4322 44--49=u.r346--b51.
891 4268 904 4336 Η
935 4274 967 4319 ab
987 4281 1013 4320 ut
1032 4285 1123 4318 vacuas
1143 4264 1155 4330 ll
1177 4265 1339 4323 ultimumque
1358 4277 1475 4324 sagacem

353 4363 449 4419 curiana
461 4397 466 4407 .

421 4433 428 4448 2
