3266 4994
346 383 406 446 222
876 383 932 444 22
953 461 955 466 ,

344 554 574 638 multiplexque
598 555 657 619 loci
681 555 818 638 spatium
841 562 1058 618 transcurrere
1082 555 1196 620 eodem

342 675 485 753 tempore
509 688 570 750 quo
594 668 671 732 solis
695 669 883 753 pervolgant
905 668 1025 732 lumina
1048 671 1202 734 caelum?

343 783 405 847 hoc
429 783 524 848 etiam
547 782 714 866 inprimis
737 783 900 866 specimen
920 803 1030 848 verum
1053 803 1124 848 esse
1146 785 1291 868 videtur,

270 918 320 964 aro
347 918 443 978 quam
467 897 563 961 celeri
585 904 672 962 motu
695 917 798 960 rerum
822 896 991 961 simulacra
1014 897 1178 974 ferantur,

343 1011 428 1093 quod
453 1011 545 1074 simul
568 1031 605 1075 22
625 1012 761 1096 primum
785 1012 844 1075 sub
868 1011 922 1075 diu
946 1011 1099 1094 splendor
1121 1013 1220 1094 aquai

342 1125 488 1209 ponitur,
505 1125 668 1209 extemplo
692 1124 782 1189 caelo
806 1125 950 1190 stellante
974 1146 1089 1191 serena

343 1239 449 1303 sidera
471 1238 666 1322 respondent
688 1239 721 1303 in
744 1258 832 1320 aqua
854 1239 1013 1304 radiantia
1033 1241 1173 1304 mundo.

342 1352 449 1418 iamne
471 1353 562 1418 vides
584 1354 680 1436 igitur
701 1374 796 1436 quam
818 1358 935 1436 puncto
959 1359 1101 1438 tempore
1123 1355 1229 1437 imago

267 1487 316 1533 222
343 1467 480 1532 aetheris
502 1487 541 1532 22
564 1468 628 1532 2212
650 1467 683 1530 12
706 1474 861 1532 terrarum
883 1468 1008 1533 aecidat
1030 1471 1132 1534 oras?

342 1603 441 1665 quare
464 1583 560 1647 etiam
586 1588 682 1663 atque
706 1582 800 1646 etiam
824 1582 904 1646 mitti
928 1582 1051 1648 fateare
1074 1589 1241 1648 necessest

342 1718 478 1780 corpora
501 1716 582 1778 quae
605 1696 721 1760 feriant
744 1698 853 1763 oculos
876 1698 1042 1778 visumque
1064 1698 1245 1763 lacessant:

342 1818 556 1896 22222122222
578 1812 679 1875 fluunt
701 1813 796 1877 certis
819 1812 859 1875 ab
884 1812 978 1876 rebus
1000 1812 1138 1894 odores;

341 1926 443 2007 frigus
465 1932 499 1989 ut
520 1946 540 1990 2
561 1927 684 2005 fluviis,
701 1926 788 1991 calor
810 1925 850 1988 ab
873 1925 942 1990 sole
957 1975 964 2008 ,
982 1933 1089 1990 aestus
1112 1926 1152 1989 ab
1176 1925 1271 1989 undis

266 2061 316 2107 222
342 2041 509 2123 22222212,
528 2061 642 2106 222222
664 2060 863 2123 moerorum,
880 2040 975 2103 litora
998 2041 1135 2104 circum:

341 2176 399 2220 nco
422 2156 531 2220 variae
555 2162 683 2220 cessant
698 2174 793 2218 voces
813 2154 951 2218 volitare
973 2174 1032 2236 per
1053 2174 1170 2218 auras:

342 2270 481 2351 deniquo
503 2270 535 2332 in
560 2291 595 2334 os
618 2270 695 2333 salsi
717 2268 804 2333 veuit
824 2290 917 2334 umor
939 2287 1037 2353 saepe
1060 2271 1206 2354 saporis,

342 2404 414 2448 oum
436 2404 525 2449 mare
548 2404 713 2447 versamur
735 2390 883 2468 propter,
900 2384 1065 2464 dilutaque
1088 2389 1200 2448 contra

342 2519 412 2563 oum
434 2498 551 2562 tuimur
574 2499 697 2563 misceri
722 2499 901 2576 absinthia,
918 2497 1021 2579 tangit
1043 2517 1191 2563 amaror.

268 2635 317 2681 222
344 2634 443 2695 22222
466 2614 549 2678 adeo
573 2613 720 2677 omuibus
742 2615 783 2678 ab
805 2615 900 2678 rebus
923 2632 973 2677 222
997 2631 1147 2695 quaeque
1169 2613 1305 2678 fluenter

341 2728 440 2795 fertur
462 2735 493 2795 et
515 2729 547 2792 in
571 2734 702 2793 cunctas
725 2729 890 2792 dimittitur
912 2727 1052 2808 undique
1075 2729 1194 2811 partis,

342 2864 402 2909 neo
425 2865 514 2908 mora
537 2863 596 2907 nec
618 2843 744 2924 requies
767 2843 848 2906 inter
872 2842 966 2905 datur
988 2843 1054 2905 ulla
1075 2842 1218 2920 fluendi,

341 2965 494 3044 perpetuo
519 2959 668 3039 quoniam
692 2958 845 3022 sentimus
869 2962 900 3019 et
922 2958 1030 3022 omnia
1052 2977 1198 3042 semper.

267 3094 317 3140 232
385 3075 557 3137 Ρ22212222
580 3074 730 3154 quoniam
752 3072 900 3136 manibus
923 3076 1060 3136 12221212
1082 3073 1185 3154 figura

343 3188 376 3250 in
400 3187 539 3252 tenebris
561 3188 721 3268 quaedam
744 3187 945 3266 cognoscitur
967 3205 1038 3252 2222
1061 3187 1173 3251 eadem
1197 3205 1280 3269 2222

344 3301 481 3366 22221122
504 3303 537 3365 12
559 3303 629 3366 1222
653 3307 685 3365 21
707 3302 792 3366 21222
816 3301 974 3379 candore,
992 3307 1154 3366 necessest

341 3415 499 3479 consimili
522 3436 622 3481 22222
644 3422 763 3480 tactum
785 3417 951 3499 visumque
974 3416 1114 3482 moveri.

344 3550 428 3594 nuno
449 3530 546 3612 igitur
568 3531 596 3594 si
619 3517 808 3613 quadratum
831 3538 1023 3616 temptamus
1047 3535 1079 3592 et
1099 3528 1132 3591 id
1155 3549 1215 3592 nos

268 3665 317 3712 222
343 3651 520 3710 commovet
542 3646 575 3709 in
598 3647 758 3729 tenebm's,
776 3646 808 3709 in
834 3646 896 3710 luci
921 3663 1003 3726 quae
1026 3643 1141 3726 poterit
1162 3663 1213 3708 res

342 3760 487 3826 accidere
509 3761 553 3824 ad
576 3762 715 3844 speciem
740 3759 920 3842 quadrata,
936 3758 997 3822 nisi
1021 3757 1090 3821 eius
1113 3757 1249 3841 imago?

343 3893 417 3940 esse
440 3874 687 3957 inimaginibus
710 3891 774 3955 222
797 3877 928 3960 2222122
951 3890 1047 3936 22222
1068 3871 1192 3938 videtur

341 4058 542 4065 ———

344 4179 394 4226 210
413 4183 510 4224 motum
530 4171 544 4241 ΙΙ
567 4175 617 4222 213
636 4173 740 4222 mundi.
766 4170 780 4239 ΙΙ
805 4175 855 4222 216
874 4173 939 4222 mira
964 4170 977 4242 ΙΙ
1002 4175 1152 4224 2181122221
1176 4171 1189 4240 ΙΙ
1215 4177 1266 4223 220
1285 4187 1430 4222 moerorum
1451 4171 1468 4239 ΙΙ

344 4262 491 4311 222-228
510 4260 565 4310 bic.
587 4257 600 4327 12
621 4262 671 4309 229
692 4259 800 4310 Cernere
819 4261 920 4310 odorari
940 4261 1266 4312 11221212221122222222.
1288 4253 1301 4325 ΙΙ
1323 4259 1373 4306 235
1392 4255 1470 4306 Com-

342 4355 425 4396 movet
443 4355 468 4397 et
485 4348 512 4396 in
532 4345 545 4415 Η
568 4351 617 4398 237
640 4347 700 4411 2212
