3266 4994
356 387 417 451 132
876 369 947 444 ’ΠΗ

355 553 462 617 omnia
485 553 637 618 mendose
659 551 726 617 fieri
749 559 844 633 atque
869 551 995 636 obstipa
1016 571 1150 617 necesse
1174 557 1224 617 est

353 687 454 750 prava
477 668 628 732 cubantia
649 687 752 751 prona
773 667 890 750 supina
913 673 1009 747 atque
1032 668 1155 732 absona
1178 672 1280 742 tecta,

355 782 419 846 ianr
441 802 533 847 ruere
556 788 590 846 ut
612 782 773 864 quaedam
795 781 967 847 videantur
987 781 1092 858 velle,
1109 788 1265 862 ruantque

354 897 481 980 prodita
501 896 627 962 iudiciis
649 897 817 961 fallacibus
841 895 949 961 omnia
971 897 1099 980 primia,

280 1031 330 1077 5no
356 1011 520 1093 sicigitur
544 1014 624 1076 ratio
647 1012 705 1076 tibi
727 1033 830 1077 rerurn
854 1032 954 1097 prava
975 1018 1141 1076 necessest

353 1125 501 1208 falsaque
525 1127 585 1204 sit,
600 1127 690 1192 falsis
715 1149 798 1209 quae
821 1145 957 1209 cumque
979 1127 1020 1190 ab
1044 1126 1190 1191 sensibus
1213 1132 1330 1191 ortast.

394 1244 487 1306 Nunc
510 1242 566 1306 alii
589 1263 702 1308 sensus
726 1264 788 1325 quo
810 1249 905 1327 pacto
928 1242 1062 1324 quisque
1085 1262 1175 1306 suam
1199 1261 1264 1306 rem

356 1357 492 1432 sentiat,
509 1357 594 1420 band
618 1378 779 1440 quaquam
802 1357 883 1421 ratio
907 1377 1063 1441 scruposa
1085 1356 1197 1422 relicta
1219 1363 1287 1423 est.

395 1472 556 1556 Principio
579 1472 707 1536 auditur
728 1492 826 1537 sonus
849 1478 880 1536 et
902 1493 965 1536 vox
989 1472 1111 1554 omnis,
1127 1471 1159 1534 in
1183 1472 1273 1536 auris·

280 1605 330 1652 555
355 1586 516 1650 insinuata
539 1607 596 1652 suo
619 1587 773 1670 pepulere
796 1587 848 1651 ubi
871 1606 1003 1669 corpore
1027 1606 1175 1650 sensum.

355 1721 543 1784 corpoream
567 1721 677 1766 vocem
700 1722 825 1784 quoque
849 1701 932 1766 enirn
957 1707 1103 1766 constare
1125 1699 1320 1765 fatendumst

356 1823 387 1879 et
409 1818 545 1880 sonitum
559 1868 566 1894 ,
582 1817 731 1898 quoniam
755 1822 889 1900 possunt
910 1816 1064 1899 inpellere
1088 1836 1222 1880 sensuS.

356 1939 526 2014 praeterea
548 1930 633 1996 radit
654 1953 717 1998 vox
739 1932 849 1999 fauces
873 1951 992 2016 saepe,
1009 1931 1151 2013 facitque

357 2048 523 2132 asperiora
546 2048 632 2114 foras
655 2047 805 2130 gradiens
829 2047 945 2112 arteria
968 2048 1105 2142 clamor.

281 2183 331 2230 530
357 2164 494 2247 quippe,
511 2185 569 2248 per
591 2170 761 2246 angustum
785 2164 877 2228 turba
900 2162 1020 2226 maiore
1043 2166 1152 2226 coorta

355 2279 402 2343 ire
425 2277 511 2342 foras
535 2279 589 2343 ubi
612 2284 785 2362 coeperunt
807 2276 981 2361 primordia
1003 2296 1136 2360 vocum,

356 2393 497 2470 scilicet,
516 2394 634 2478 expleti
658 2413 784 2475 quoque
806 2393 904 2456 ianua
925 2390 1047 2455 raditur
1069 2391 1153 2455 oris.

358 2507 443 2572 baud
467 2508 563 2592 igitur
585 2507 746 2572 dubiumst
769 2508 844 2588 quin
867 2525 964 2571 voces
985 2507 1147 2588 verbaque
1170 2509 1316 2570 constent

356 2622 518 2706 corporeis
540 2642 558 2686 e
580 2623 764 2707 principiis,
781 2628 815 2686 ut
837 2622 966 2688 laedere
989 2622 1131 2703 possint.

281 2755 331 2800 535
357 2755 417 2800 nec
439 2742 470 2802 te
493 2736 577 2800 fallit
599 2738 672 2802 item
697 2738 774 2819 quid
798 2732 939 2821 corporis
962 2736 1087 2800 auferat
1109 2738 1139 2800 et
1162 2733 1236 2814 quid

357 2845 502 2915 detrabat
524 2872 562 2916 ex
586 2852 747 2916 bominum
771 2852 876 2916 nervis
900 2871 938 2915 ac
959 2851 1078 2914 viribus
1100 2849 1178 2934 ipsis

356 2971 529 3047 perpetuus
551 2986 654 3030 sermo
678 2966 784 3046 nigrai
805 2965 907 3030 noctis
929 2964 970 3028 551
993 2967 1137 3030 umbram

358 3097 495 3143 aurorae
517 3079 688 3161 perductus
709 3079 751 3143 ab
775 3079 938 3144 exoriente
960 3080 1082 3163 nitore,

357 3193 543 3273 praesertim
566 3194 592 3257 si
616 3213 687 3257 cum
709 3199 862 3258 summost
885 3193 1026 3260 clamore
1048 3193 1217 3278 profusus

282 3324 332 3370 540
357 3325 432 3387 ergo
455 3326 642 3390 corpoream
664 3327 771 3373 vocem
795 3316 941 3373 constare
963 3314 1144 3385 necessest,

359 3420 459 3483 multa
481 3421 614 3502 loquens
638 3423 789 3504 quoniam
812 3423 925 3488 amittit
948 3422 988 3486 de
1011 3401 1144 3506 corpore
1166 3427 1310 3505 partem.

282 3553 330 3598 551
358 3535 517 3617 asperitas
538 3543 644 3601 autern
667 3538 753 3602 vocis
776 3538 810 3601 fit
832 3539 874 3602 ab
897 3537 1068 3622 asperitate

358 3648 605 3732 principiorum,
623 3658 654 3716 et
674 3652 749 3718 item
772 3654 859 3717 levor
881 3655 989 3717 levore
1012 3653 1155 3714 creatur:

283 3783 333 3827 542
361 3780 419 3825 nec
442 3762 535 3828 simili
557 3773 724 3851 penetrant
745 3766 831 3830 auris
852 3763 1026 3848 primordie
1047 3763 1169 3841 forma,

358 3896 429 3940 cum
452 3880 528 3944 tuba
548 3881 699 3964 depresso
722 3878 862 3963 graviter
883 3877 942 3942 sub
965 3897 1123 3943 murmure
1146 3880 1248 3960 mugit

359 3998 391 4056 et
412 3993 527 4056 reboat
547 4013 678 4058 raucum
701 3991 789 4074 regio
813 3991 876 4056 cita
898 3976 1039 4058 barbara
1061 3993 1232 4076 bombum,

361 4263 410 4308 517
431 4243 513 4305 Parra
533 4253 547 4324 ΙΙ
567 4261 616 4306 526
636 4257 766 4321 Corporeu
786 4257 799 4327 Η
819 4276 907 4309 vocem
925 4263 1065 4312 corissum.
1086 4257 1100 4328 ΙΙ
1124 4261 1173 4308 532
1193 4259 1300 4322 expletis
1321 4257 1334 4328 Η
1354 4262 1404 4309 552
1424 4260 1480 4306 lero

361 4347 449 4394 letiorc
469 4341 482 4411 ΙΙ
503 4347 553 4392 543
572 4361 700 4394 murmura
720 4343 733 4412 Η
755 4348 805 4394 544
824 4356 923 4396 revorat
943 4347 956 4415 Η
977 4356 1043 4396 retro
