3236 5020
695 395 726 462 II

57 587 107 634 ooo
134 588 213 632 cum
240 573 351 633 tamen
373 566 457 632 inter
479 585 514 630 se
536 584 647 630 versus
669 587 707 630 ac
729 567 829 632 verba
852 587 981 633 neccsse
1004 575 1053 634 est

133 681 318 746 confiteare
341 681 407 744 alia
429 698 469 743 cx
492 680 565 744 aliis
589 687 736 746 constare
759 681 944 758 elementis;

134 815 206 858 non
235 815 298 876 quo
322 794 423 860 multa
445 814 557 877 parurn
581 794 756 859 communis
779 789 886 859 littera
908 802 1014 859 currat

136 915 198 972 aut
223 909 305 973 nulli
327 909 410 973 inter
432 928 467 972 se
490 907 553 972 duo
576 908 639 972 sint
660 928 699 973 ex
722 909 869 974 omnibus
891 909 997 993 idem,

134 1022 200 1087 sed
227 1023 304 1102 quia
326 1043 389 1086 non
411 1024 507 1103 volgo
530 1023 623 1105 paria
645 1022 791 1087 omnibus
814 1024 920 1088 omnia
942 1031 1106 1089 constent.

57 1156 107 1202 oea
135 1136 187 1200 sic
213 1137 289 1200 aliis
312 1137 345 1199 in
368 1137 463 1200 rebus
486 1135 561 1200 item
584 1137 764 1200 communia
785 1139 884 1200 multa
1111 1129 1116 1140 “

136 1250 316 1313 multarum
337 1270 440 1314 rerum
464 1269 536 1314 cum
559 1249 623 1312 sint
644 1249 837 1333 primordia,
854 1271 962 1315 verum

135 1362 292 1427 dissimili
315 1368 421 1426 tamen
442 1363 581 1427 inter'se
604 1363 778 1428 consistere
800 1383 924 1428 summa

136 1483 300 1560 possunt;
317 1482 350 1540 ut
371 1477 483 1540 merito
507 1496 546 1542 ex
569 1478 642 1542 aliis
665 1484 811 1542 constare
833 1478 955 1542 feratur

139 1590 317 1654 humanum
340 1610 442 1675 genus
466 1597 497 1656 et
518 1589 627 1674 fruges
650 1592 841 1672 arbustaque
864 1593 971 1656 lacta.

61 1724 116 1768 roo
146 1774 152 1784 ,
188 1705 258 1768 Nec
277 1712 382 1770 tamen
405 1704 595 1770 omnimodis
619 1705 742 1770 conecti
763 1725 861 1788 posse
884 1707 1058 1789 putandum
1082 1715 1131 1774 est

145 1818 274 1882 omnia:
291 1839 362 1881 nam
383 1821 480 1899 volgo
503 1819 569 1882 fieri
593 1825 740 1901 portenta
762 1820 907 1904 videres,
933 1893 935 1898 ,

140 1932 308 1997 semiferas
330 1933 491 1998 hominum
514 1934 638 2017 species
662 1935 816 2010 existere,
833 1942 863 2000 et
886 1935 969 2000 altos

139 2044 321 2111 interdum
343 2067 449 2112 ramos
472 2048 589 2128 egigni,
604 2067 737 2130 serpere
764 2050 856 2132 vivo,

138 2160 305 2241 multaque
327 2163 449 2226 conecti
471 2162 633 2228 terrestria
655 2163 799 2226 membra
821 2163 973 2246 marinis,

66 2291 112 2337 roa
137 2278 208 2337 tum
231 2274 392 2339 flammam
415 2282 516 2341 taetro
539 2277 688 2360 spirantis
711 2296 766 2340 ore
789 2275 977 2342 Chimaeras

136 2408 276 2470 pascere
300 2395 445 2454 naturam
468 2411 525 2474 per
547 2396 651 2456 terras
674 2391 919 2474 omniparentis.

139 2521 277 2582 quorum
300 2503 346 2566 nil
368 2502 436 2566 fieri
459 2504 663 2570 manifestum
686 2511 753 2587 est,
770 2504 878 2568 omnia
901 2505 1030 2584 quando

138 2616 316 2681 seminibus
339 2617 433 2680 certis
455 2624 543 2682 certa
565 2620 730 2698 genetrice
754 2625 863 2682 creata

136 2749 329 2796 conservare
352 2750 454 2812 genus
477 2735 653 2798 crescentia
675 2753 772 2817 posse
793 2733 955 2796 videmus.

63 2862 111 2907 rro
137 2846 281 2928 scilicet,
298 2844 330 2908 id
352 2854 438 2910 certa
460 2822 674 2912 fieri'ratione
698 2853 879 2914 necessust.

136 2979 216 3023 nam
239 2980 296 3024 sua
319 2960 431 3041 cuique
454 2961 533 3026 cibis
556 2981 597 3025 ex
620 2963 765 3028 omnibus
788 2962 871 3028 intus
894 2963 926 3026 in
949 2970 1036 3026 artus

135 3092 275 3156 corpora
297 3074 463 3138 discedunt
486 3096 674 3157 conexaque
697 3077 915 3142 convenientis

137 3186 282 3250 efficiunt
303 3193 427 3252 motus:
445 3195 479 3252 at
501 3198 612 3254 contra
634 3191 742 3254 aliena
762 3191 906 3255 videmus

135 3301 260 3365 reicere
282 3301 315 3364 in
336 3306 438 3366 terras
462 3308 631 3379 naturam,
648 3305 808 3385 multaque
831 3305 935 3368 caecis

64 3428 111 3476 rm
136 3415 323 3496 corporibus
346 3416 471 3498 fugiunt
491 3437 509 3480 e
533 3438 687 3500 corpore,
704 3417 825 3501 percita
847 3417 974 3498 plagis,

137 3546 224 3608 quae
245 3548 350 3610 neque
373 3530 494 3593 conecti
517 3551 676 3611 quoquam
699 3536 831 3613 partuere
853 3549 959 3609 neque
982 3531 1066 3595 intus

135 3642 244 3706 vitalis
266 3649 370 3707 motus
393 3644 571 3708 consentire
591 3653 688 3725 atque
710 3644 845 3708 imitari.

136 3755 195 3821 sed
219 3775 258 3820 ne
281 3753 364 3820 forte
387 3762 479 3838 putes
502 3758 653 3822 animalia
676 3760 746 3822 sola
768 3758 869 3822 teneri

136 3869 262 3954 legibus
284 3869 353 3950 his,
371 3867 528 3949 quaedam
554 3873 633 3938 ratio
657 3873 856 3939 disterminat
877 3872 1005 3936 omnia.

69 3993 111 4046 rao
136 4004 212 4048 nam
235 3985 286 4048 vel
308 3983 355 4048 uti
376 3988 445 4046 tota
467 3990 581 4048 natura
604 3986 773 4054 dissimiles
796 3993 869 4054 sunt

141 4249 191 4298 693
210 4249 282 4298 nulla
301 4246 314 4317 ΙΙ
335 4252 384 4300 696
403 4247 544 4314 primordia
566 4261 666 4298 rerum.
687 4245 700 4316 ΙΙ
721 4252 769 4300 706
795 4253 880 4304 omnia
901 4253 1030 4319 parentis.
1051 4251 1064 4321 Η
1086 4253 1135 4302 716
1154 4251 1223 4306 inte.
1244 4253 1258 4327 Η

142 4336 191 4396 Ι719
211 4335 309 4384 omnis.
