3240 5010
335 389 399 456 224
502 452 505 458 ,
880 383 921 448 Vl

334 556 429 640 gleba
452 561 607 621 vetustate
629 574 647 620 e
671 561 754 620 terra
777 555 972 638 provolvitur
994 555 1129 639 ingens,

334 678 368 735 ut
389 671 524 736 iactetur
546 689 652 751 aquae
674 668 771 734 fluctu
793 689 920 752 quoque
943 675 1028 734 terra
1051 670 1226 749 vacillans;

259 805 309 853 555
335 793 369 850 ut
385 775 449 850 555
471 786 554 849 inter
576 784 648 847 dum
674 804 737 848 non
761 785 828 865 quit
849 790 1017 868 constare,
1035 786 1098 852 nisi
1120 805 1212 854 umor

334 899 455 966 destitit
476 900 509 963 in
531 899 629 963 dubio
652 897 748 964 fluctu
771 899 921 964 iactarier
942 900 1048 964 intus.

374 1018 544 1080 Praeterea
565 1021 680 1080 ventus
703 1036 774 1079 cum
796 1035 854 1099 per
875 1015 947 1080 1555
969 1017 1108 1080 5555555
1131 1021 1237 1082 terrae

336 1130 486 1196 collectus
508 1135 598 1214 parte
622 1149 661 1194 55
684 1151 749 1195 555
772 1129 952 1214 procumbit
974 1136 1007 1195 et
1030 1137 1123 1214 urget

335 1245 470 1310 obnixus
492 1246 618 1326 magnis
641 1246 811 1330 speluncas
833 1245 953 1309 viribus
976 1246 1078 1323 altas,

260 1382 311 1430 555
334 1361 488 1426 incumbit
510 1360 606 1424 tellus
628 1381 691 1444 quo
714 1362 801 1428 venti
823 1381 925 1445 prona
947 1362 1063 1446 premit
1085 1363 1153 1427 vis:

334 1484 399 1542 tum
421 1495 537 1558 supera
560 1483 677 1540 terram
700 1497 784 1560 quae
807 1484 881 1542 sunt
904 1484 1045 1543 extructa
1067 1478 1233 1544 domorum

337 1593 378 1657 ad
402 1591 589 1672 caelumque
611 1593 715 1674 magis
738 1599 858 1674 quanto
881 1599 955 1658 sunt
977 1591 1063 1658 edita
1085 1611 1252 1676 quaeque,

334 1707 490 1772 inclinata
513 1711 619 1771 meant
640 1708 673 1770 in
696 1709 831 1772 eandem
854 1708 980 1792 prodita
1002 1713 1145 1792 partem,

336 1827 580 1906 protractaeque
602 1823 712 1888 trabes
735 1822 910 1906 inpendent
932 1823 979 1887 ire
1001 1829 1154 1906 paratae.

261 1959 312 2006 555
338 1944 369 2002 55
391 1943 534 2001 metuunt
555 1938 662 2018 magni
684 1944 832 2002 naturam
857 1935 987 2002 credero
1009 1935 1120 2000 mundi

337 2052 466 2117 exitiale
489 2053 621 2134 aliquod
643 2061 768 2136 tempus
791 2051 979 2133 clademque
1002 2068 1152 2125 manere,

337 2187 406 2232 cum
430 2165 560 2230 videant
581 2173 701 2230 tantam
725 2173 880 2230 terrerum
902 2166 1086 2230 incumbere
1109 2163 1246 2230 molem!

337 2282 423 2364 quod
446 2281 506 2346 nisi
530 2281 686 2364 respirent
708 2282 814 2364 venti,
832 2281 880 2346 vis
903 2281 991 2345 nulla
1012 2278 1152 2345 refrenet

336 2416 388 2462 res
412 2416 515 2477 neque
539 2397 581 2460 ab
604 2395 700 2461 exitio
723 2395 825 2480 possit
847 2394 1086 2480 reprehendere
1109 2395 1232 2460 euntis:

262 2534 313 2581 555
338 2505 424 2577 nunc'
443 2512 518 2593 quia
540 2513 700 2594 respirant
719 2512 849 2576 alternis
872 2512 970 2593 inque
991 2515 1183 2595 gravescunt

336 2634 367 2690 et
389 2628 479 2708 quasi
503 2627 627 2693 collecti
651 2626 784 2692 redeunt
806 2628 988 2708 ceduntque
1010 2625 1151 2708 repulsi,

339 2742 468 2825 saepius
491 2741 574 2806 hanc
597 2743 638 2806 ob
661 2762 727 2806 rem
749 2743 912 2806 minitatur
934 2747 1021 2806 terra
1044 2739 1152 2804 ruinas

339 2877 436 2938 quarn
457 2856 555 2921 facit:
572 2857 744 2920 inclinatur
766 2857 849 2920 enim
873 2863 1022 2936 retroque
1046 2853 1189 2935 recellit,

338 2977 370 3035 et
391 2971 503 3053 recipit
525 2971 679 3054 prolapsa
702 2990 776 3035 suas
799 2972 832 3033 in
854 2969 998 3053 pondera
1022 2969 1137 3034 sedes.

262 3107 312 3154 555
338 3086 399 3148 hac
420 3084 518 3164 igitur
539 3085 661 3147 ratione
684 3083 838 3148 vacillant
859 3083 967 3148 omnia
989 3087 1076 3148 tecta

338 3217 459 3262 summa
480 3197 584 3277 magis
607 3195 738 3278 mediis,
756 3197 861 3261 media
882 3195 975 3278 imis,
992 3196 1057 3258 ima
1077 3173 1254 3277 pcrlrilum.

344 3341 349 3383 r
376 3311 434 3375 Est
456 3310 534 3375 haec
558 3309 700 3375 eiusdem
724 3329 849 3392 quoque
872 3308 980 3392 magni
1003 3329 1102 3374 55555
1125 3310 1291 3392 tremoris,

338 3433 452 3491 ventus
474 3423 526 3488 ubi
551 3432 647 3507 atque
671 3425 799 3490 animae
823 3423 926 3490 subito
950 3423 998 3489 vis
1020 3424 1163 3488 maxima
1186 3423 1347 3506 quaedam

339 3547 395 3604 aut
417 3539 615 3606 extrinsecus
637 3548 693 3604 aut
716 3539 788 3624 ipsa
811 3538 927 3603 tellure
950 3545 1061 3603 coorta

264 3676 315 3723 555
338 3657 372 3720 15
394 3656 465 3720 1555
487 3674 521 3720 55
544 3675 623 3718 cava
645 3656 741 3720 terrai
766 3654 920 3735 coniecit,
937 3652 1045 3733 ibique

338 3770 509 3853 speluncas
532 3769 613 3833 inter
635 3787 770 3849 magnas
792 3768 896 3831 fremit
918 3775 992 3831 ante
1015 3766 1149 3830 tumultu

339 3882 606 3964 versabundaque
629 3887 792 3966 portatur,
809 3887 882 3965 post
903 3881 1000 3946 incita
1023 3901 1093 3945 oum
1115 3881 1163 3946 vis

341 3989 503 4082 exagitata
524 3997 611 4062 foras
634 3997 806 4080 erumpitur
829 4002 860 4062 et
882 3996 975 4062 simul
998 3996 1097 4060 altam

342 4170 542 4179 ——.-..--—--—-

344 4273 527 4324 5545551155.
549 4269 562 4341 11
582 4275 633 4323 555
646 4273 706 4321 dum
719 4273 858 4322 omissam.
889 4271 892 4336 1
913 4271 964 4320 558
977 4283 1067 4332 urges.
1089 4266 1102 4338 11
1123 4271 1173 4320 563
1186 4269 1283 4320 minent
1300 4271 1326 4318 in
1339 4271 1428 4320 eadem
1447 4267 1461 4338 11

345 4378 376 4411 ‚a
388 4399 393 4408 .
404 4377 419 4409 a
430 4399 434 4410 .
446 4376 477 4423 q.
488 4377 504 4423 q
515 4397 520 4409 .
542 4358 555 4428 11
575 4363 625 4410 568
644 4360 724 4409 ventis
743 4360 814 4408 55115
832 4359 964 4408 refremet.
986 4355 999 4425 11
1020 4359 1069 4406 582
1089 4357 1256 4407 Versabunda
