3236 5020
333 342 375 406 42
884 340 913 404 ll

335 528 368 572 re
391 514 653 589 veraqucmetus
676 509 837 574 hominum
861 529 1017 590 curaeque
1039 529 1194 591 sequaces
1275 577 1278 584 ,

335 642 396 686 neo
419 629 560 687 metuunt
582 625 703 688 sonitus
726 645 883 688 armorum
907 643 966 688 ncc-
987 623 1056 688 fera
1078 625 1161 707 tela,

279 763 312 808 50
336 740 551 819 audacterque
572 738 653 801 inter
677 757 770 818 reges
793 757 960 819 rerumque
982 737 1122 821 potentis

337 860 521 936 versantur,
538 872 641 933 neque
663 852 817 932 fulgorem
842 859 1025 916 reverentur
1048 852 1088 916 ab
1111 873 1187 918 auro

335 987 394 1032 nec
416 969 536 1031 clarum
558 966 657 1032 vestis
680 966 884 1049 splendorem
897 961 1097 1050 'purpuream

336 1081 410 1163 quid
434 1081 560 1145 dubitas
583 1081 658 1162 quiin
681 1080 775 1144 ornni'
797 1080 838 1144 sit
859 1081 939 1144 haec
961 1079 1085 1144 rationi’
1106 1083 1276 1163 potestas?

337 1197 439 1260 omnis
463 1216 533 1260 cum
555 1196 587 1258 in
612 1194 751 1259 tenebris
774 1196 962 1276 pracsertim
984 1195 1049 1260 vita
1071 1194 1215 1259 laboret:

279 1331 311 1377 ss
337 1332 410 1374 nam
432 1283 490 1374 vol
507 1312 550 1373 uti
573 1310 663 1392 pueri
687 1309 849 1394 trepidant
871 1317 966 1390 atquc
990 1308 1097 1373 omnia
1120 1310 1223 1374 caecis

337 1425 372 1487 in
393 1424 532 1489 tenebris
554 1429 713 1507 metuunt,
731 1423 776 1488 sic
799 1443 858 1488 nos
881 1423 913 1486 iu
936 1423 1005 1488 lucc
1028 1423 1173 1487 timemus

336 1539 417 1603 inter
440 1539 534 1614 dum,
550 1538 614 1601 nilo
638 1557 720 1618 quac
744 1544 817 1602 suut
838 1538 1009 1602 metuenda
1030 1539 1132 1621 magis
1156 1558 1252 1618 quam

337 1673 420 1734 quae
442 1653 533 1737 pueri
555 1653 586 1715 in
610 1652 749 1715 tenebris
771 1652 917 1734 pavitant
939 1651 1123 1734 finguntque
1145 1650 1270 1715 futura.

337 1767 419 1831 huuc
440 1767 535 1848 igitur
557 1773 708 1830 terrorem
730 1765 827 1829 animi
849 1766 1061 1846 tenebrasque
1082 1771 1246 1830 necessest

280 1903 312 1948 eo
337 1902 399 1945 non
422 1880 502 1945 radii
529 1881 606 1944 solis
630 1899 733 1961 neque
755 1881 862 1944 lucida
884 1879 948 1942 tela
970 1880 1033 1942 diei

337 1996 522 2077 discutiant,
540 1993 598 2058 sed
620 2001 752 2059 naturae
775 1994 899 2076 species
921 1995 1085 2075 ratioque.

379 2113 470 2174 Nunc
493 2129 575 2191 age,
593 2127 655 2188 quo
678 2113 765 2172 motu
787 2107 942 2188 genitalia
963 2109 1108 2172 materiai

335 2245 470 2307 corpora
493 2244 543 2287 res
566 2224 670 2287 varias
692 2221 827 2302 gignant
849 2223 1037 2304 genitasque
1059 2223 1240 2300 resolvant,

337 2346 369 2403 et
391 2359 453 2419 qua
475 2339 507 2400 vi
529 2337 635 2401 facere
657 2337 692 2399 id
713 2343 889 2416 cogantur,
906 2356 1053 2418 quaeque
1076 2337 1117 2402 sit
1139 2336 1213 2401 ollis

280 2473 311 2518 65
337 2451 461 2516 reddita
483 2451 644 2516 mobilitas
666 2471 816 2534 magnum
839 2452 1013 2535 perinane
1035 2450 1185 2534 meandi,

337 2565 527 2650 expediam:
544 2572 577 2630 tu
599 2571 630 2630 tc
654 2565 745 2630 dictis
766 2567 923 2650 praebere
946 2574 1126 2631 mcmeuto.

337 2700 411 2744 nam
434 2688 519 2745 certe
541 2701 607 2746 non
629 2681 710 2744 intcr
732 2700 767 2744 se
790 2681 918 2764 stipata·
931 2679 1080 2746 cohaeret

337 2794 505 2870 materies,
523 2795 672 2875 quoniam
694 2795 793 2874 minui
816 2815 882 2859 rem
907 2816 1064 2877 quamque
1085 2794 1252 2878 videmus,
1354 2877 1363 2893 ·

338 2916 369 2974 et
392 2910 485 3006 quasi
506 2910 680 2991 longinquo
703 2911 799 3024 lbere
823 2912 929 2976 omnia
951 2912 1107 2975 cernimus
1129 2930 1208 2975 aevo

281 3046 313 3090 ro
338 3046 377 3089 ex
401 3024 563 3106 oculisque
586 3031 775 3090 vetustatem
798 3025 975 3090 subducere
997 3026 1136 3110 nostris,

337 3159 408 3203 oum
431 3146 535 3202 tamen
558 3139 725 3205 incolumis
748 3140 894 3204 videatur
916 3160 1039 3204 summa
1060 3159 1191 3206 manere

336 3259 508 3337 propterca
524 3254 623 3335 quia,
642 3273 726 3335 quae
749 3254 906 3318 decedunt
927 3274 1063 3338 corpora
1086 3255 1218 3334 cuique,

338 3366 422 3430 unde
446 3368 564 3431 abeunt
585 3369 747 3445 minuunt,
765 3388 826 3449 quo
849 3388 966 3434 venere
989 3369 1139 3449 augmine
1161 3367 1303 3452 donant,

338 3481 394 3545 illa
417 3501 584 3547 senescere
606 3489 639 3546 at
661 3483 741 3546 haec
764 3488 875 3546 contra
896 3483 1062 3548 florescere
1087 3489 1223 3562 cogunt,

283 3616 314 3662 75
340 3615 398 3659 nec
419 3603 615 3660 remorantur
636 3597 700 3660 ibi.
717 3597 763 3660 sic
785 3616 890 3661 rerum
913 3615 1036 3661 summa
1059 3579 1195 3660 noratur

338 3729 484 3792 semper,
501 3716 532 3774 ct
554 3711 636 3774 inter
659 3729 694 3774 se
716 3709 869 3774 mortales
893 3717 999 3774 mutua
1020 3709 1147 3774 vivunt.

337 3830 513 3905 augescunt
535 3823 619 3887 aliae
642 3830 772 3906 gentes,
793 3823 878 3888 aliae
899 3824 1104 3902 minuuntur,

336 3937 435 4018 inque
458 3937 546 4002 brevi
568 3937 671 4020 spatio
695 3943 853 4034 mutantur
875 3936 982 4002 saecla
1003 3937 1200 4006 animantum

339 4059 370 4115 et
393 4051 486 4132 quasi
510 4069 654 4114 cursores
676 4050 752 4114 vitai
774 4051 927 4135 lampada
948 4053 1118 4119 tradunt·

342 4302 374 4349 52
385 4313 513 4362 purpura.
533 4295 547 4364 Η
568 4301 601 4348 54
614 4298 731 4349 reborat.
746 4296 758 4367 Η
776 4303 807 4350 62
821 4303 958 4351 materiae.
975 4299 988 4369 ll
1002 4304 1035 4350 68
1048 4300 1273 4362 quamquidemus.
1289 4295 1302 4367 ll
1318 4301 1349 4347 73
1363 4300 1461 4362 agmine
