3266 4994
350 382 410 446 172
893 377 921 443 V

311 585 314 592 ‹
346 547 520 613 seminibus
542 549 704 630 multoque
727 547 893 612 minoribu’
917 556 989 612 sunt
1011 549 1177 614 elementis

349 681 442 745 quam
466 663 579 726 tellus.
596 663 688 738 ideo,
703 681 760 746 per
783 683 857 727 rara
877 662 1056 740 foramina,
1072 669 1178 730 terrae

345 761 489 860 partibus
512 796 682 861 erumpens
705 777 823 860 primus
846 796 881 842 se
903 778 1029 842 sustulit
1050 777 1159 842 aether

345 891 460 973 ignifer
484 896 515 956 et
536 891 650 955 multus
673 910 781 956 seeum
803 891 883 955 levis
905 890 1037 956 abstulit
1058 892 1162 974 ignis,

272 1026 323 1072 460
348 1026 412 1070 nen
435 1005 498 1069 alia
518 1003 615 1089 louge
637 1005 764 1070 ratione·
783 1025 821 1069 ae
843 1025 942 1089 saepe
964 1005 1129 1083 videntur,

347 1138 444 1184 aurea
467 1119 694 1202 cumprimum
717 1118 910 1199 gemmantis
931 1138 1003 1184 rore
1026 1139 1085 1202 per
1107 1120 1225 1184 herbas

348 1232 502 1296 matutina
523 1232 639 1296 rubent
659 1231 774 1296 radiati
796 1232 919 1297 lumina
942 1233 1039 1309 solis,

347 1347 478 1412 exulare
500 1346 589 1410 lacus
611 1343 759 1409 nebulam
782 1345 931 1427 fluviique
953 1365 1134 1429 perennes,

347 1461 482 1544 ipsaque
507 1465 540 1522 ut
562 1461 644 1523 inter
666 1458 739 1523 dum
764 1460 858 1525 tellus
881 1457 1005 1524 fumare
1028 1459 1173 1543 videtur3

273 1596 324 1642 465
350 1573 458 1639 emnia
482 1596 565 1658 quae
587 1595 714 1640 sursum
737 1593 807 1638 eum
830 1574 1058 1659 consiliantur,
1074 1574 1107 1638 in
1130 1551 1194 1640 alto

349 1707 482 1774 corpore
505 1697 651 1756 concreto
675 1688 849 1754 subtexunt
871 1688 981 1753 nubila
1005 1689 1150 1754 eaelum.

351 1804 397 1868 sie
418 1805 514 1885 igitur
535 1812 601 1869 tum
624 1824 659 1869 se
682 1803 763 1868 levis
784 1823 823 1867 aa
847 1802 996 1867 diffusilis
1019 1802 1130 1868 aether

346 1938 479 2002 corpore
502 1923 651 1983 concreto
674 1918 791 1982 atreum
815 1917 908 1981 datus
931 1916 1072 1998 undique
1094 1917 1183 1982 flexit

348 2038 379 2096 et
400 2033 466 2097 late
490 2031 622 2097 diffusus
645 2032 678 2096 in
702 2032 805 2095 omnis
828 2030 966 2112 undique
988 2031 1088 2114 partis

272 2168 323 2212 470
348 2147 454 2212 omnia
477 2135 639 2212 sicando
663 2146 831 2230 complexu
855 2151 960 2210 eetera
982 2145 1121 2228 saepsit.

347 2261 430 2325 hune
454 2260 586 2325 exordia
609 2267 683 2324 sunt
705 2259 783 2324 solis
805 2259 965 2340 lunaeque
989 2265 1122 2336 secuta,

346 2377 565 2456 interutraque
588 2373 676 2457 globi
700 2393 833 2455 quorum
856 2379 1020 2438 vertuntur
1042 2375 1075 2438 iu
1098 2374 1205 2459 auris3

349 2509 431 2572 quae
452 2508 556 2571 neque
579 2496 663 2554 terra
686 2487 747 2552 sibi
770 2487 905 2552 adscivit
927 2507 985 2552 nee
1007 2489 1165 2554 maximus
1188 2490 1298 2554 aether
1310 2509 1321 2566 ‚·

353 2603 439 2686 quud
463 2623 565 2685 neque
588 2609 654 2668 tam
678 2601 802 2667 luerunt
825 2602 937 2682 gravia
959 2609 993 2666 ut
1015 2603 1171 2686 depressa
1193 2604 1360 2687 sederent,

273 2739 323 2786 475
350 2739 409 2783 nee
431 2717 517 2782 levia
538 2721 573 2780 ut
594 2722 727 2800 possent
748 2737 806 2800 per
828 2736 969 2782 summas
991 2717 1094 2783 labier
1116 2738 1211 2803 eras,

349 2837 509 2898 ettamen
532 2832 747 2912 interutraque
769 2831 813 2896 ita
836 2838 929 2909 sunt,
945 2836 980 2895 ut
1002 2851 1136 2916 corpora
1157 2833 1232 2900 viva

348 2952 475 3012 versent
497 2953 529 3011 et
551 2953 658 3030 partes
681 2951 715 3010 ut
737 2945 847 3010 mundi
871 2946 966 3010 tetius
990 2951 1118 3025 extent;

349 3060 434 3143 quod
456 3079 559 3144 genus
581 3060 613 3122 in
636 3060 729 3124 nobis
751 3060 909 3141 quaedam
931 3061 1005 3125 lieet
1027 3060 1060 3125 in
1083 3061 1219 3134 statione

350 3175 494 3240 membra
517 3195 670 3252 manere,
687 3181 794 3239 tamen
817 3194 889 3239 eum
912 3175 975 3238 sint
998 3193 1040 3238 ea
1062 3192 1147 3254 quae
1169 3181 1376 3240 meveantur.

274 3312 325 3358 sse
349 3290 399 3354 his
420 3289 516 3371 igitur
538 3288 633 3353 rebus
656 3290 801 3354 retractis
823 3296 908 3352 terra
932 3294 1081 3372 repente,

349 3423 501 3468 maxuma
524 3424 588 3485 qua
610 3423 695 3469 nune
717 3423 752 3469 se
773 3402 863 3488 ponti
885 3403 985 3486 plaga
1008 3402 1140 3468 eaerula
1162 3402 1283 3488 tendit,

238 3569 243 3598 ,
348 3519 481 3584 suecidit
503 3526 536 3584 et
558 3520 643 3584 salso
667 3517 798 3584 suffudit
819 3517 945 3601 gurgite
967 3517 1092 3582 fossas.

347 3635 444 3716 inque
466 3633 537 3699 dies
560 3639 678 3716 quanto
702 3633 820 3698 ein-eum
843 3632 947 3712 magis
969 3631 1111 3697 aetheris
1134 3639 1242 3698 aestus

279 3749 285 3756 “
350 3754 382 3814 et
403 3747 484 3811 radii
507 3748 584 3813 solis
608 3749 767 3831 cogebant
788 3744 930 3828 undique
952 3751 1094 3829 terram,

274 3884 324 3931 485
350 3863 537 3928 verberibus
560 3863 680 3927 erebus
703 3866 843 3925 extrema
866 3879 887 3924 a
908 3859 1017 3923 limini’
1041 3865 1132 3946 parte

351 4048 551 4055 ——---—--—

353 4168 404 4215 458
417 4174 442 4215 et
462 4165 475 4232 ΙΙ
496 4165 547 4212 460
564 4162 692 4212 videmus.
714 4159 727 4230 ll
746 4163 798 4212 463
811 4161 970 4225 Exstantque
990 4160 1003 4231 Η
1024 4165 1075 4212 468
1088 4162 1196 4226 saepsit.
1218 4159 1231 4229 ΙΙ
1251 4164 1301 4210 472
1315 4161 1384 4211 Inter
1396 4171 1476 4212 uuas·

352 4267 401 4314 que
421 4250 434 4320 ΙΙ
454 4254 505 4301 476
523 4251 719 4312 interutrasque
739 4245 753 4316 ΙΙ
773 4251 822 4299 481
837 4251 911 4314 plage
933 4246 946 4317 ΙΙ
967 4253 1017 4301 482
1030 4251 1109 4301 salsos
1122 4249 1214 4300 offudit
1234 4247 1247 4318 ΙΙ
1267 4249 1317 4300 485
1337 4249 1474 4302 adliminat

353 4339 450 4402 panteni
462 4375 467 4386 .
1384 4333 1390 4360 ⁸
