3236 5020
690 369 705 432 I

50 565 106 611 115
136 567 180 609 an
204 546 355 610 tenebras
378 545 451 609 Orci
475 542 558 606 visat
579 547 754 621 vastasque
775 540 930 616 lacunas,

136 681 180 723 an
203 658 345 742 pecudes
368 658 452 721 alias
477 656 629 720 divinitus
651 654 790 718 insinuet
812 673 867 729 se,

135 774 259 836 Ennius
282 779 316 835 ut
338 779 446 835 noster
471 771 604 846 cecinit,
629 769 680 850 qui
705 768 823 850 primus
851 787 987 832 amoeno

136 887 253 952 detulit
275 907 314 950 cx
337 886 491 950 Helicone
514 885 645 970 perenni
668 882 781 947 fronde
804 901 976 954 coronam,

135 1000 324 1086 pergentis
347 999 443 1064 Italas
467 999 628 1062 hominum
654 1017 735 1080 quae
759 998 846 1061 clara
869 997 1008 1073 clueret3

11 1139 110 1190 0120
137 1115 200 1179 etsi
223 1120 388 1198 praeterea
410 1120 515 1178 tamen
539 1132 610 1177 esse
632 1111 811 1177 Acherusia
837 1110 957 1194 templa

137 1229 261 1293 Ennius
284 1229 423 1293 aeternis
446 1228 577 1310 exponit
599 1226 744 1290 versibus
768 1225 894 1301 eidem,

138 1364 203 1429 quo
226 1363 331 1423 ireque
354 1348 568 1425 pornraueaut
590 1341 716 1405 animae
739 1359 844 1422 neque
867 1360 1004 1423 corpora
1025 1348 1153 1415 nostru,

136 1457 195 1522 sed
218 1459 375 1537 quaedam
402 1457 574 1520 simulacra
596 1454 702 1518 modis
724 1454 883 1536 pallentia
904 1455 1013 1535 miris3

137 1571 226 1634 unde
249 1571 311 1634 sibi
335 1567 479 1633 exortam
502 1587 628 1650 semper
649 1568 791 1633 florentis
815 1569 945 1632 Homeri

62 1707 115 1752 1-15
142 1690 374 1748 commemorat
396 1683 537 1766 speciem
563 1682 712 1746 lacrimas
733 1681 898 1746 effundere
922 1683 1027 1746 salsas

56 1824 58 1830 ·
142 1799 287 1881 coepisse
311 1805 342 1861 et
365 1817 467 1860 rerum
478 1805 636 1904 naturam
661 1794 845 1878 expandere
868 1794 980 1860 dictis

139 1932 204 1992 qua
228 1918 357 1994 propter
379 1880 473 1974 bene
487 1929 558 1976 curn
581 1909 705 1992 superis
727 1910 767 1972 de
791 1910 887 1974 rebus
910 1911 1061 1975 habenda

106 2021 233 2090 nobis
256 2030 304 2088 est
326 2025 427 2100 ratio
452 2025 530 2090 solis
553 2024 714 2106 lunaeque
735 2029 860 2088 meatus

142 2139 306 2223 quatiant
327 2140 472 2215 ratione,
496 2145 526 2203 ct
549 2139 665 2220 quavi
689 2155 835 2219 quaeque
857 2147 1009 2222 gerantur

64 2275 116 2321 130
141 2255 173 2317 in
194 2254 394 2336 terrisstum
419 2273 488 2318 curn
513 2253 624 2336 primis
648 2251 772 2316 ratione
796 2253 906 2336 sagaci

139 2368 226 2432 unde
247 2367 355 2432 anima
378 2373 471 2449 atque
495 2367 590 2430 animi
615 2373 740 2432 constet
762 2374 878 2432 natura
900 2367 1092 2450 videndum,

139 2487 171 2547 et
193 2499 275 2564 quae
300 2501 350 2547 res
375 2483 466 2547 uobis
488 2482 695 2563 vigilantibus
719 2481 814 2546 obvia
833 2459 964 2545 mentes‘

142 2597 289 2662 terrificet
312 2599 424 2661 morbo
447 2595 582 2660 adfectis
604 2614 779 2676 somnoque
803 2593 955 2677 sepultis,

143 2731 273 2777 cernere
296 2711 340 2775 uti
362 2711 528 2774 videamur
551 2729 607 2774 eos
630 2708 806 2789 audireque
829 2725 957 2790 coram,

71 2849 119 2893 135
144 2833 242 2890 morte
265 2827 353 2891 obita
377 2845 508 2906 quorum
533 2824 628 2889 tellus
651 2823 850 2906 amplectitur
873 2841 965 2886 ossa.

183 2943 253 3005 Nec
276 2961 325 3004 me
348 2941 445 3004 animi
468 2939 551 3004 fallit
574 2939 740 3003 Graiorum
765 2939 902 3003 obscura
925 2943 1050 3020 reperta

143 3056 270 3120 difficile
294 3055 465 3120 inlustrare
490 3055 609 3118 Latinis
632 3053 777 3118 versibus
799 3071 889 3134 esse,

143 3170 243 3234 multa
265 3169 356 3233 novis
380 3167 486 3232 verbis
508 3169 696 3252 praesertim
719 3188 789 3232 curn
813 3169 852 3232 sit
875 3167 1038 3249 agendum

143 3291 271 3367 propter
294 3289 468 3364 egestatem
492 3283 622 3365 linguae
645 3289 675 3346 et
697 3303 801 3348 rerum
825 3283 1017 3347 novitatem:

75 3421 123 3464 ruo
147 3399 202 3462 sed
225 3405 282 3463 tua
304 3419 354 3462 me
376 3399 477 3463 virtus
499 3404 606 3462 tamen
630 3403 662 3461 et
683 3405 811 3480 sperata
832 3397 979 3479 voluptas

146 3513 252 3578 suavis
274 3513 431 3578 amicitiae
455 3511 599 3594 quemvis
622 3511 754 3576 sufferre
777 3511 919 3575 laborem

147 3626 260 3692 suadet
282 3633 314 3692 et
335 3628 456 3693 inducit
477 3634 587 3692 noctes
609 3626 742 3709 vigilare
764 3644 915 3701 serenas,

148 3747 350 3822 quaerentem
374 3743 466 3806 dictis
489 3743 604 3825 quibus
627 3751 660 3806 et
683 3761 745 3822 quo
768 3741 907 3804 carmine
930 3739 1057 3804 demum

149 3855 235 3920 clara
258 3864 330 3920 tuae
352 3855 472 3940 possim
493 3855 715 3940 praepandere
736 3855 857 3920 lumina
878 3855 995 3938 rn‘enti,

81 3991 126 4038 115
148 3991 199 4034 155
221 3971 336 4054 quibus
358 3969 498 4034 occultas
519 3970 644 4050 penitus
667 3971 831 4036 convisere
853 3970 979 4053 possis.

170 4085 283 4156 ,Hunc
305 4085 401 4166 igitur
423 4089 573 4146 terrorem
597 4083 695 4148 animi
716 4085 931 4166 tenebrasque
953 4086 1116 4148 necessest

131 4301 133 4310 Α
150 4335 195 4386 121
218 4335 313 4388 edens.
333 4331 347 4402 Η
369 4337 417 4385 126
437 4332 567 4401 coepisset
585 4345 667 4384 15111111
688 4327 701 4398 it
723 4335 772 4386 130
790 4343 850 4386 tunc
870 4329 884 4400 ΙΙ
905 4336 953 4384 141
973 4331 1061 4383 efferre
