3240 5010
346 373 408 438 206
885 369 930 432 VI

345 539 504 621 intellegit
524 538 568 603 ibi
591 538 701 604 vitium
725 559 783 604 vas
807 539 935 606 efficere
956 541 1081 624 ipsum,

347 654 515 736 omniaque
538 652 624 719 illius
646 654 722 719 vitio
746 655 942 740 corrumpier
963 656 1069 740 intus,

347 789 431 852 quae
454 769 582 833 conlata
604 769 704 845 foris,
721 776 753 834 et
773 770 962 846 commoda,
979 789 1114 852 cumque
1135 771 1301 852 venirent3

289 905 322 952 ao
346 885 459 968 partim
482 883 569 966 quod
591 883 709 948 fluxum
731 890 959 968 pertusumque
982 905 1054 950 esse
1075 884 1226 970 videbat,

347 1006 382 1063 ut
404 999 493 1063 nulla
514 1007 625 1083 posset
646 999 771 1064 ratione
794 999 952 1084 explerier
973 1017 1146 1081 nmquam

345 1114 460 1198 partim
485 1113 575 1196 qnod
589 1120 691 1179 taetro
716 1114 809 1196 quasi
832 1133 1044 1199 conspurcare
1067 1133 1183 1200 sapore

347 1229 456 1293 omnia
478 1228 650 1306 cernebat,
668 1249 751 1311 qnae
775 1249 908 1312 cumque
931 1236 1116 1314 receperat,
1133 1229 1237 1294 intus.

347 1343 493 1428 veridicis
516 1343 613 1426 igitur
635 1344 781 1429 purgavit
803 1353 933 1429 pectora
957 1345 1069 1430 dictis,

288 1481 320 1527 ae
347 1465 379 1524 et
401 1459 494 1524 finem
518 1461 629 1525 statuit
652 1460 842 1544 cuppedinis
865 1465 962 1544 atque
984 1460 1127 1546 timoris,

346 1575 558 1658 exposuitque
581 1575 699 1640 bonnm
722 1597 898 1654 summum,
915 1597 977 1659 quo
1000 1576 1159 1642 tendimus
1182 1596 1312 1661 omnes,

347 1688 423 1770 quid
446 1688 546 1766 foret,
563 1694 659 1772 atque
682 1690 768 1756 viam
791 1692 995 1775 monstravit,
1011 1691 1139 1756 tramite
1161 1711 1261 1774 parvo

348 1823 412 1884 qua
434 1823 601 1887 possemus
624 1805 666 1868 ad
688 1806 721 1868 id
743 1814 828 1870 recto
851 1807 1046 1872 contendere
1068 1827 1180 1889 cursu,

262 1995 267 2010 Ι
348 1917 465 2000 quidve
488 1919 563 1982 mali
586 1919 668 1984 foret
689 1921 723 1983 in
745 1921 842 1984 rebus
865 1920 1043 1985 mortalibu'
1066 1921 1204 2005 passim,
1308 1911 1320 1934 ⁶

291 2055 323 2100 ao
350 2033 436 2114 quod
458 2033 548 2098 fieret
570 2035 707 2099 naturali
729 2035 881 2116 varieque
903 2037 1028 2100 volaret

347 2136 525 2214 seu‘causa
548 2169 605 2215 seu
628 2151 680 2226 vi,
697 2149 782 2234 quod
806 2151 851 2216 sic
873 2157 990 2216 natura
1014 2155 1178 2234 parasset,

347 2270 380 2330 ct
402 2265 517 2345 quibus
540 2284 558 2329 e
580 2265 681 2349 portis
704 2266 826 2331 occurri
848 2265 962 2348 cuique
986 2265 1132 2341 deceret,

348 2385 379 2444 et
401 2399 503 2463 genus
527 2380 700 2446 humanum
722 2380 838 2446 frustm
861 2381 1048 2465 plerumque
1070 2380 1217 2465 probavit

347 2494 476 2560 volvere
500 2515 645 2560 curarum
669 2495 767 2562 tristis
788 2496 821 2560 in
843 2503 971 2580 pectore
994 2496 1127 2562 fluctus.

289 2629 320 2676 se
347 2629 420 2673 nam
443 2611 492 2674 vel
515 2610 559 2673 uti
583 2610 673 2693 pueri
696 2612 857 2695 trepidant
880 2618 976 2694 atque
999 2610 1106 2676 omnia
1128 2610 1234 2676 caecis

351 2724 384 2789 in
407 2727 548 2790 tenebris
571 2730 732 2808 metuunt,
749 2725 795 2791 sic
817 2745 876 2790 nos
900 2725 932 2789 in
955 2726 1027 2790 luce
1049 2725 1196 2790 timemus

350 2840 432 2904 inter
455 2838 529 2903 dum
543 2890 551 2915 ‚
567 2839 632 2904 nilo
656 2859 740 2921 quae
764 2848 836 2904 sunt
858 2841 1030 2906 metuenda
1052 2839 1157 2920 magis
1181 2859 1276 2922 quarn

348 2973 431 3035 qnae
453 2953 543 3035 pueri
564 2953 597 3016 in
620 2953 760 3018 tenebris
782 2953 927 3038 pavitant
948 2953 1134 3036 finguntque
1157 2953 1288 3019 futura.

347 3064 431 3132 hunc
453 3067 548 3148 igitur
570 3071 723 3130 terrorem
747 3067 843 3130 animi
866 3068 1080 3148 tenebrasque
1103 3075 1269 3134 necessest

288 3203 322 3248 ro
347 3202 412 3246 non
434 3180 518 3245 radii
541 3181 617 3244 solis
641 3199 700 3245 neo
723 3180 830 3244 lucida
852 3182 917 3245 tela
939 3183 1002 3246 diei

350 3296 541 3378 discutiant,
559 3295 615 3361 sed
637 3301 772 3362 naturae
794 3297 918 3380 species
942 3297 1106 3378 ratioque.

348 3431 409 3492 qno
433 3411 535 3492 magis
558 3411 720 3494 inceptum
743 3431 873 3496 pergam
897 3416 1065 3496 pertexere
1087 3410 1200 3476 dictis.

387 3527 426 3588 Et
449 3526 601 3608 quoniam
624 3525 718 3590 docui
742 3525 850 3590 mundi
873 3526 1023 3591 mortalia
1043 3527 1165 3610 templa

347 3659 418 3704 esse
442 3646 473 3703 et
496 3642 602 3705 nativo
627 3641 800 3706 consistere
825 3661 958 3725 corpore
982 3642 1128 3722 caelum,

289 3777 322 3824 45
351 3762 382 3820 et
405 3773 487 3837 qnae
509 3775 645 3838 cumque
667 3756 700 3821 in
723 3775 762 3822 eo
786 3755 865 3822 fiunt
885 3755 1008 3820 fateare
1032 3763 1196 3821 necessest

346 3869 501 3954 pleraque
525 3870 680 3953 dissolui,
698 3889 781 3951 quae
804 3874 927 3934 restant
947 3869 1215 3954 percipeporro,

352 4177 381 4222 17
401 4174 440 4222 fas
464 4171 478 4242 Η
503 4177 536 4222 22
556 4185 725 4235 conspurgere
746 4168 759 4236 Η
781 4173 813 4219 28
832 4180 901 4221 recta
921 4170 934 4240 Η
955 4175 988 4222 30
1007 4173 1084 4223 fuerit
1103 4173 1115 4238 Η
1137 4175 1168 4221 31
1190 4187 1249 4222 casu
1269 4165 1283 4237 Η
1302 4171 1434 4234 signatura
1455 4172 1469 4242 Η

351 4262 418 4310 32Ε
438 4259 450 4328 Η
472 4263 505 4309 33
524 4267 624 4324 prustra
643 4259 656 4325 Η
677 4261 710 4307 34
724 4259 835 4308 Volnere
856 4259 868 4326 Η
889 4260 922 4308 35
942 4260 1034 4310 caelis.
1056 4259 1070 4328 Η
1090 4263 1124 4310 44
1143 4267 1168 4309 ct
1186 4261 1325 4311 omissum.
1348 4258 1362 4328 Η
1382 4263 1416 4310 45
1429 4261 1473 4311 fle·

349 4363 422 4410 rique
