3236 5020
684 403 713 465 ll

118 591 164 636 ne
190 591 246 636 res
269 572 310 634 ad
332 571 431 634 nilum
455 571 639 656 redigantur
662 571 803 636 funditus
828 592 960 638 omncs:

119 706 205 750 nam
230 684 316 767 quod
340 706 475 768 cumque
498 688 563 752 suis
585 693 738 752 mutatum
760 687 876 751 finibus
898 689 981 771 exit,

119 801 281 865 continuo
305 800 365 866 hoc
387 821 473 867 mors
497 808 545 867 θεῖ
566 802 651 867 illius
675 800 760 883 quod
783 801 842 867 fuit
864 808 957 866 ante.

41 938 91 985 rur>
118 917 267 1002 proinde
290 915 397 980 colore
421 936 497 980 cave
521 917 688 1000 contingas
710 917 833 980 semina
855 936 981 1001 rerum,

120 1052 167 1098 ne
195 1033 251 1096 tibi
275 1049 327 1096 res
348 1029 483 1095 redeant
505 1028 547 1094 ad
569 1031 667 1093 nilum
689 1029 832 1094 funditus
855 1049 985 1100 onmes.

164 1149 340 1211 Praeterea
363 1144 389 1208 si
413 1124 501 1208 nulla
523 1145 640 1209 coloris
663 1145 827 1228 principiis
850 1153 900 1209 est

119 1259 254 1324 reddita
276 1266 389 1323 natura
414 1266 445 1323 ci
467 1259 563 1323 variis
587 1266 659 1324 sunl
678 1258 824 1344 praedita
846 1259 977 1337 formis,

123 1395 144 1440 e
171 1375 286 1456 quibus
311 1393 405 1438 omne
427 1393 528 1456 genus
551 1375 686 1457 gignunt
708 1377 893 1457 variantque
916 1378 1039 1441 colores

45 1509 97 1555 ico
123 1497 324 1574 propterea,
341 1489 450 1571 magni
473 1488 558 1572 quod
581 1491 677 1555 refert
699 1491 821 1556 semina
845 1512 990 1573 quaeque

129 1625 206 1669 eum
228 1603 340 1688 quibus
363 1610 395 1668 ct
417 1607 504 1686 quali
527 1606 671 1690 positura
695 1605 916 1670 contineantur

133 1725 170 1780 et
192 1737 270 1799 quos
291 1719 372 1783 inter
394 1738 430 1783 εθ
452 1720 530 1785 dent
551 1727 655 1785 motus
681 1719 923 1804 accipiantque,

132 1831 285 1914 perfacile
308 1835 467 1918 extemplo
489 1837 646 1900 rationem
670 1835 805 1900 reddere
827 1835 954 1919 possis,

131 1966 191 2010 cur
211 1967 248 2012 ea
272 1967 353 2029 quae
376 1949 468 2033 nigro
491 1948 611 2014 inerint
633 1952 729 2034 paulo
753 1956 829 2014 ante
853 1950 981 2034 colore,

51 2078 101 2125 res
129 2080 305 2128 marmoreo
329 2063 396 2126 fieri
417 2064 542 2146 possint
564 2063 702 2129 candore
724 2072 878 2148 repente;

126 2181 164 2238 ut
185 2196 293 2253 mare,
317 2196 387 2240 cum
409 2178 518 2260 magni
542 2186 739 2244 commorunt
761 2199 902 2260 aequora
924 2179 1030 2257 venti,

127 2290 260 2354 vertitur
280 2291 313 2354 in
336 2311 434 2356 canos
458 2293 606 2357 candenti
629 2314 788 2360 marmore
811 2295 943 2359 fluctus:

127 2403 236 2470 dicere
259 2405 344 2470 enim
365 2407 492 2489 possis,
509 2409 633 2489 nigrum
658 2409 743 2491 quod
767 2429 863 2493 saepe
884 2409 1051 2486 videmus,

128 2518 281 2584 materies
303 2521 358 2586 ubi
381 2521 537 2603 permixta
559 2527 608 2586 θεῖ
629 2523 714 2586 illius
738 2530 769 2588 et
792 2524 870 2587 ordo

53 2650 103 2697 aro
128 2633 294 2716 principiis
316 2640 454 2699 mutatus
478 2642 509 2700 et
531 2636 642 2700 addila
665 2635 857 2719 demptaque
880 2634 1059 2715 quaedam,

128 2747 279 2812 continuo
302 2748 335 2811 id
357 2749 423 2812 fieri
446 2755 480 2812 ui
501 2749 641 2814 candens
663 2750 810 2814 videatur
833 2756 864 2814 et
888 2749 1016 2812 album.

129 2859 266 2939 quodsi
289 2863 443 2928 caeruleis
465 2871 646 2944 constarent
669 2883 810 2946 aequora
832 2864 921 2947 ponti

128 2972 324 3057 seminibus,
341 2977 430 3041 nullo
453 2986 585 3060 possent
607 2980 769 3044 albescere
791 2986 907 3062 pacto:

128 3105 206 3148 nam
230 3108 291 3169 quo
315 3109 448 3172 cumque
471 3091 566 3156 modo
589 3094 756 3176 perturbes
779 3096 908 3157 caerula
931 3113 1014 3175 quae
1037 3093 1120 3171 siut,

56 3214 102 3261 ure
129 3220 305 3281 numquam
326 3203 358 3266 in
381 3225 592 3270 marmoreum
616 3217 750 3291 possunt
774 3209 910 3290 migrare
933 3209 1092 3272 colorem.

129 3309 182 3378 sin
204 3314 269 3379 alio
293 3324 388 3398 atque
410 3317 473 3383 alio
498 3326 571 3384 sunt
595 3322 718 3384 semina
741 3322 837 3386 tincta
860 3323 986 3393 colore,

130 3447 216 3509 quae
239 3430 336 3494 maris
359 3431 499 3497 efficiunt
522 3454 616 3497 unum
639 3455 814 3517 purumque
838 3435 992 3515 nitorem,

129 3548 167 3605 ut
188 3563 284 3627 saepe
308 3566 347 3609 ex
369 3547 440 3611 aliis
464 3548 575 3612 formis
597 3548 757 3629 variisque
779 3548 888 3630 liguris

131 3655 269 3720 eflicitur
289 3659 440 3739 quiddam
464 3662 653 3742 quadratum
678 3681 804 3742 unaque
827 3662 949 3742 figura,

59 3782 105 3831 isc
131 3771 407 3854 conveniebat,ui
428 3773 462 3835 in
485 3775 639 3854 quadrato
664 3777 821 3840 cernimus
845 3795 916 3841 esse

130 3881 303 3949 dissimiles
324 3885 465 3963 formas,
482 3887 528 3950 ita
552 3909 681 3956 cernere
703 3890 734 3954 in
759 3910 898 3973 aequore
920 3891 1010 3974 ponti

131 4002 187 4060 aut
209 3997 274 4062 alio
297 3999 329 4063 in
355 4000 469 4082 quovis
491 4021 555 4065 uno
577 4024 720 4086 puroque
742 4006 844 4070 nitore

137 4262 186 4309 759
211 4264 362 4328 omnigenus
388 4261 401 4334 Η
428 4269 478 4316 760
503 4267 638 4316 Praeterea
662 4263 675 4334 ll
701 4271 750 4317 763
774 4272 890 4333 exemplo
921 4269 934 4338 ΙΙ
964 4272 1013 4318 765
1037 4274 1142 4331 possunt
1169 4265 1182 4334 ll
1209 4269 1257 4316 779

136 4345 246 4412 figuras.
268 4347 282 4417 ll
304 4355 353 4400 780
372 4353 409 4402 uti
430 4349 443 4422 Η
465 4356 512 4402 781
534 4369 646 4417 aequora

1033 4459 1053 4523 5
