3266 4994
354 377 412 440 166
524 467 527 472 ‚
882 369 940 432 nu

349 542 382 605 id
406 562 531 624 quoque
553 542 720 626 permagni
743 540 859 606 refert:
876 561 950 606 uam
974 561 1060 606 more
1084 539 1223 606 ferarum

268 675 334 722 1666
352 654 657 738 quadrupedumque
680 657 784 736 magis
807 655 868 720 ritu
892 655 1080 739 plerumque
1103 663 1255 740 putantur

350 772 517 854 concipere
541 789 676 849 uxores,
695 769 771 850 quia
794 769 933 835 6161666
956 789 1081 835 sumere
1104 779 1257 855 possunt,

351 883 534 969 pectoribus
556 883 691 966 positis,
709 884 845 948 sublatis
868 884 992 949 semina
1016 885 1154 951 lumbis.
1181 905 1184 910 ·

352 1018 410 1062 nec
432 997 546 1061 molles
569 999 640 1080 opu’
664 1005 737 1062 suut
759 1004 865 1064 motus
887 1000 1040 1066 uxoribus
1063 1000 1182 1064 hilum.

350 1133 425 1177 uam
446 1111 562 1176 mulier
584 1111 732 1194 prohibet
756 1132 791 1176 se
814 1115 983 1197 concipere
1007 1119 1102 1195 atquc
1124 1120 1300 1199 repugnat,

269 1249 335 1295 mro
353 1227 499 1292 clunibus
521 1227 592 1309 ipse
615 1226 672 1290 viri
695 1225 851 1290 Venerem
874 1228 900 1290 si
925 1229 1011 1293 laeta
1033 1236 1186 1294 retractat

350 1350 444 1424 atque
467 1345 618 1405 exossato
642 1340 704 1405 ciet
726 1342 811 1405 omni
833 1348 963 1424 pectore
986 1343 1119 1407 fluctus:

350 1457 423 1522 eicit
445 1455 529 1521 enim
552 1459 674 1523 sulcum
697 1460 785 1524 16616
807 1457 939 1537 regione
961 1459 1077 1540 viaque

347 1574 506 1657 vomeris,
524 1580 619 1656 atque
641 1574 720 1638 locis
743 1574 856 1638 avertit
879 1572 1010 1636 seminis
1033 1573 1149 1636 ictum.

350 1686 447 1767 idque
472 1707 530 1752 sua
552 1708 651 1754 causa
674 1691 867 1753 consuerunt
889 1693 993 1750 scorta
1016 1689 1156 1770 moveri,

266 1821 390 1867 1116116
413 1802 646 1885 complerentur
668 1801 779 1865 crebro
803 1801 1024 1882 gravidaeque
1046 1803 1207 1880 iacerent,

350 1921 381 1978 et
403 1916 496 1980 simul
519 1916 589 1999 ipsa
611 1916 688 1980 viris
711 1915 817 1979 Venus
840 1921 874 1978 ut
896 1915 1082 1979 concinnior
1104 1921 1209 1999 esset3

349 2030 537 2113 coniugibus
561 2031 646 2112 quod
670 2031 714 2094 nil
737 2030 854 2094 nostris
876 2050 959 2112 opus
982 2049 1053 2094 6666
1076 2029 1220 2094 videtur.

389 2145 628 2210 Nec'divinitus
651 2146 733 2209 inter
755 2144 830 2207 dum
850 2144 1047 2225 Venerisque
1072 2145 1196 2227 sagittis

351 2260 508 2325 deteriore
531 2260 565 2324 fit
586 2267 620 2324 ut
642 2260 746 2324 forme
769 2258 956 2322 muliercula
978 2265 1120 2323 ametur:

266 2396 332 2442 meo
349 2395 423 2438 uem
447 2375 522 2439 16611
543 2376 616 2458 ipsa
639 2374 705 2438 suis
727 2374 809 2438 inter
832 2373 907 2436 dum
930 2372 1049 2438 femina
1072 2373 1165 2440 factis

348 2489 578 2573 morigerisque
600 2488 704 2553 modis
727 2492 758 2551 et
780 2487 899 2553 munde
923 2507 1057 2571 corpore
1080 2489 1183 2566 culto,

309 2629 313 2633 ·
348 2612 382 2668 ut
404 2605 498 2669 facile
521 2605 683 2669 insuescat
706 2623 812 2668 secum
835 2624 894 2667 nos
917 2602 1035 2684 degere
1057 2604 1176 2669 vitam.

349 2719 436 2801 quod
460 2738 557 2802 super
579 2724 648 2802 cst,
665 2718 861 2783 cousuetudo
885 2718 1054 2782 concinnat
1076 2738 1237 2783 amorem:

348 2854 422 2896 uam
444 2834 557 2898 1611161
580 2833 724 2915 quamvis
748 2831 833 2913 quod
856 2833 966 2898 crebro
989 2833 1130 2896 tunditur
1152 2833 1234 2916 ictu,

264 2970 330 3016 1285
347 2949 482 3012 vincitur
505 2949 537 3012 in
560 2948 656 3032 longo
680 2948 784 3032 spatio
808 2953 916 3011 16111611
940 2954 1036 3029 atque
1058 2948 1218 3012 labascit.

348 3081 454 3126 nonne
476 3062 567 3150 vides
590 3063 685 3127 otiam
708 3067 814 3144 guttas
839 3062 872 3125 in
895 3083 975 3126 6616
999 3062 1143 3128 cadentis

349 3175 468 3240 umoris
490 3176 587 3260 longo
610 3177 645 3241 iu
667 3177 770 3260 spatio
792 3177 983 3260 pertundere
1007 3176 1114 3242 saxa?

349 3351 549 3359 ·—--————

353 3456 418 3502 1267
438 3455 558 3502 lumbris.
580 3452 593 3522 Η
620 3459 684 3504 1268
705 3455 743 3505 Ν6
762 3451 776 3523 Η
798 3457 865 3503 1215
885 3455 1056 3518 gravidaque.
1078 3451 1090 3522 Η
1113 3457 1178 3503 1281
1198 3457 1276 3504 moris
1302 3451 1314 3522 11
1341 3456 1406 3503 1282
1427 3469 1474 3502 nos

351 3558 490 3592 omassum.
