3240 5010
693 371 737 435 VI

154 543 334 626 conspicias
358 543 514 626 hominis,
530 543 565 608 iit
586 547 621 608 ut
642 542 745 608 omnis
768 542 873 607 dicere
897 561 1012 608 causas

154 659 323 724 conveniat
344 658 419 734 loti,
437 659 559 724 dicatur
583 664 616 722 nt
637 657 724 722 illius
747 678 832 722 una:

153 795 228 840 nam
251 792 357 855 neque
379 793 452 838 eum
475 773 561 838 ferro
584 793 643 838 neo
665 773 784 857 frigore
807 771 934 837 vincere
956 772 1062 855 possis
1089 792 1095 810 ¹

154 887 313 952 interiisse
336 907 440 969 neque
464 909 483 952 a
506 890 615 954 morbo
638 907 741 970 neque
764 887 846 952 forte
867 905 1014 962 veneno,

66 1023 128 1068 nro
154 1021 265 1066 verum
289 1003 413 1084 aliquid
435 1023 553 1087 genere
577 1022 648 1069 essa
673 1023 713 1068 ex
737 1005 796 1068 hoo
819 1002 903 1086 quod
927 1001 1058 1085 contigit
1081 1001 1109 1066 ei

153 1117 290 1182 scimus.
307 1117 381 1181 item
404 1119 436 1182 in
459 1119 567 1184 multis
590 1117 650 1183 hoo
674 1118 770 1184 rebus
794 1117 899 1182 dicere
923 1116 1099 1181 habemus.

193 1231 285 1296 Nilus
309 1231 340 1296 in
365 1239 518 1300 aestatem
543 1233 657 1299 crescit
679 1233 866 1317 campisque
888 1233 1064 1314 redundat,

152 1346 266 1410 unicus
286 1346 319 1409 in
342 1347 436 1412 terris
458 1350 595 1432 Aegypti
619 1349 716 1413 totius
740 1349 863 1412 amnis.

153 1461 181 1524 is
203 1461 287 1542 rigat
310 1464 492 1546 Aegyptum
514 1465 655 1528 medium
676 1483 734 1546 per
756 1481 854 1546 saepe
878 1463 1037 1534 calorem,

70 1596 127 1641 715
155 1582 210 1639 aut
233 1576 308 1656 quia
332 1583 404 1640 sunt
426 1585 549 1643 aestate
573 1579 739 1660 aquilones
763 1578 845 1642 ostia
869 1583 999 1652 contra,

155 1689 230 1753 anni
253 1695 396 1774 tempore
420 1711 457 1756 eo
482 1693 535 1774 qui
559 1694 679 1758 etesiae
703 1712 773 1757 esse
795 1692 959 1768 feruutur,

155 1815 186 1866 et
208 1810 318 1870 contra
340 1805 469 1871 fluvium
492 1806 606 1872 flantes
628 1813 827 1873 remorantur
851 1813 882 1870 et
904 1807 1008 1870 undas

156 1925 308 2003 cogentes
331 1941 441 1987 sursus
463 1924 587 2007 repient
610 1930 792 2007 coguntque
814 1943 966 1988 manere.

157 2053 228 2099 nam
253 2034 348 2101 dnbio
372 2039 484 2122 procul
508 2040 588 2104 haec
612 2040 749 2104 adverso
772 2038 874 2102 flabra
897 2038 1038 2101 feruntur

73 2167 128 2212 720
155 2145 305 2228 flumine,
323 2173 405 2233 quae
429 2154 545 2235 gelidis
569 2153 609 2217 ab
633 2154 734 2218 stellis
757 2153 1007 2235 axisaguntu1·:

154 2265 208 2329 iile
231 2286 272 2332 ex
295 2266 447 2332 aestifera
469 2267 549 2350 parti
573 2269 659 2333 venit
681 2269 783 2332 amnis
807 2268 849 2332 ab
872 2273 1002 2343 austro,

154 2380 236 2446 inter
259 2382 351 2467 nigra
373 2383 476 2447 virum
497 2390 647 2466 percocto
671 2383 779 2448 saecla
801 2383 909 2448 colore

156 2496 304 2563 exoriens
326 2499 452 2582 penitus
476 2498 583 2563 media
606 2499 647 2563 ab
671 2498 801 2583 regione
825 2497 908 2561 diei.

156 2617 203 2676 est
226 2633 351 2694 quoque
374 2614 418 2678 uti
441 2613 543 2699 possit
565 2633 701 2695 magnus
725 2619 894 2697 congestus
917 2611 1059 2676 harenae

76 2747 129 2792 nae
153 2726 299 2793 fluetibus
323 2728 469 2794 adversis
493 2729 639 2814 oppilare
663 2730 746 2794 ostia
769 2735 900 2810 contra,

155 2861 226 2905 cum
250 2864 338 2909 mare
361 2851 536 2928 permotum
560 2845 662 2910 ventis
685 2845 749 2906 ruit
771 2843 856 2907 intus
878 2843 1053 2916 harenam3

156 2977 218 3038 quo
241 2957 275 3020 fit
296 2957 341 3021 nti
363 2964 457 3041 pacto
481 2961 562 3026 liber
586 2960 689 3026 minus
712 2959 815 3023 exitus
839 2957 923 3022 amni

156 3077 187 3135 et
208 3072 358 3156 proclivis
381 3071 456 3136 item
479 3072 536 3136 fiat
557 3073 661 3139 minus
684 3073 821 3158 impetus
843 3073 958 3137 undis.

155 3185 189 3250 fit
213 3205 340 3269 quoque
363 3187 409 3251 uti
431 3187 581 3270 pluviae,
597 3186 729 3272 forsan,
747 3189 851 3272 magis
874 3190 916 3253 ad
941 3194 1036 3272 caput
1060 3188 1088 3252 ei

80 3321 131 3368 rao
157 3307 298 3386 tempore
322 3320 360 3365 co
382 3299 479 3382 fiant,
498 3302 583 3383 quod
608 3301 711 3368 etesia
732 3303 834 3366 fiabra
857 3304 1042 3384 aquilonum

157 3415 268 3479 nubila
292 3415 451 3480 coniciunt
474 3414 506 3476 in
531 3434 586 3478 eas
610 3423 684 3479 tunc
707 3417 816 3480 omnia
838 3417 958 3499 partit:

157 3529 297 3614 scilicet,
315 3529 357 3594 ad
381 3527 520 3595 mediam
544 3527 706 3609 regionem
732 3530 834 3594 eiecta
859 3529 923 3592 diei

158 3662 228 3706 cum
251 3649 488 3717 convenerunt,
503 3643 548 3706 ibi
572 3643 614 3706 ad
637 3642 719 3706 altos
742 3643 881 3724 denique
905 3642 1021 3706 montis

158 3760 326 3821 contrusae
349 3759 451 3822 nubes
475 3765 630 3842 eoguntur
652 3756 746 3838 vique
768 3761 973 3839 premuntur.

83 3859 132 3938 73'5
158 3869 294 3936 forsitan
316 3871 509 3955 Aethiopum
532 3874 658 3956 penitus
682 3871 904 3937 dementibus
927 3870 1001 3932 aitis

164 4149 212 4196 708
232 4147 348 4208 Namque
373 4141 385 4212 Η
412 4146 461 4192 710
480 4143 571 4192 Utrum
589 4159 680 4207 genere
704 4145 800 4208 aliquid
827 4139 839 4210 ΙΙ
865 4141 1015 4191 eontioitel.
1042 4137 1054 4206 it
1081 4142 1129 4186 716
1154 4139 1242 4188 etesire
1269 4137 1282 4206 Η
1350 4147 1352 4152 “

164 4237 212 4283 719
233 4235 313 4284 flabro
334 4230 347 4302 li
370 4234 418 4280 723
439 4231 549 4278 Exorins
569 4230 581 4295 Η
605 4235 652 4280 726
673 4235 711 4280 rui
734 4231 746 4300 ΙΙ
769 4236 817 4281 727
838 4231 934 4280 cornis.
956 4229 968 4294 it
991 4229 1040 4274 730
1060 4241 1110 4287 quo
