3240 5010
703 353 732 416 V

130 543 231 588 arma
258 523 399 606 antiqua
421 544 535 588 manus
558 543 682 604 ungues
705 524 881 606 dentesque
904 523 1050 591 fuerunt.

131 645 165 702 et
190 637 335 722 lapides
359 644 390 702 et
412 639 488 704 item
511 639 661 704 silvarum
682 638 845 720 fragmina
866 641 966 716 rami,

55 773 114 820 raca
131 759 165 817 et
188 752 336 817 flamma
356 759 453 834 atque
476 754 588 835 ignes,
604 759 677 836 post
699 774 794 835 quarn
817 761 890 818 sunt
911 756 1036 838 cognita
1057 757 1214 842 primurn.
1274 827 1275 830 ,

130 868 312 951 posterius
334 867 411 933 ferri
433 868 482 932 vis
504 874 553 933 est
575 869 721 950 aerisque
743 874 891 952 reperta.

131 988 166 1047 et
190 983 294 1066 prior
317 983 400 1046 aeris
424 989 491 1046 erat
513 1003 607 1064 quarn
631 981 706 1048 ferri
730 984 875 1066 cognitus
897 1003 994 1069 usus,

133 1117 202 1178 quo
228 1097 345 1162 facitis
368 1098 472 1178 magis
494 1105 542 1163 est
563 1103 680 1162 natura
702 1106 734 1164 et
755 1099 849 1183 copia
871 1100 994 1164 maior.

134 1231 221 1277 aere
249 1213 357 1278 solum
381 1219 486 1277 terrae
508 1215 710 1298 tractabant,
727 1232 865 1294 aereque
889 1215 964 1280 belli

57 1345 117 1391 rroo
134 1327 330 1392 miscebant
350 1326 463 1392 fluctus
487 1334 518 1392 et
539 1328 673 1392 vulnera
694 1335 786 1393 vasta
809 1329 958 1394 serebant

133 1448 168 1506 et
191 1461 303 1526 pecus
325 1450 421 1524 atque
444 1462 541 1524 agros
564 1443 770 1508 adimebant:
786 1463 860 1507 narn
883 1442 976 1509 facile
1000 1445 1072 1510 ollis

136 1557 258 1622 omnia
283 1557 440 1622 cedebant
461 1557 593 1622 armatis
616 1558 704 1622 nuda
726 1564 758 1622 et
779 1559 920 1622 inerma.

135 1672 217 1738 iude
244 1671 426 1736 minutatim
449 1673 607 1757 processit
628 1671 752 1736 ferreus
774 1672 879 1747 ensis,

136 1805 307 1870 versaque
330 1787 361 1851 in
386 1788 589 1872 obprobrium
612 1787 736 1870 species
759 1793 807 1852 est
829 1786 921 1853 falcis
944 1789 1088 1874 abenae,

62 1907 173 1966 resset
197 1901 290 1967 ferro
314 1921 449 1986 coepere
471 1904 573 1968 solum
597 1903 800 1985 proscindere
822 1909 926 1968 terrae

139 2022 395 2098 exaequataque
418 2025 491 2081 sunt
513 2019 634 2101 creperi
658 2019 833 2082 certamina
855 2018 951 2082 belli.

139 2138 172 2194 et
194 2133 291 2216 prius
314 2138 362 2195 est
384 2140 539 2197 armatum
561 2133 595 2195 in
618 2133 692 2214 equi
715 2132 929 2198 conscendere
953 2140 1057 2199 costas

139 2253 172 2309 et
196 2247 397 2312 moderarier
419 2247 502 2312 bunc
524 2246 623 2311 irenis
646 2246 822 2328 dextraque
844 2247 953 2328 vigere

139 2381 243 2442 quam
267 2361 377 2444 biiugo
401 2381 495 2426 curru
517 2360 594 2426 beili
617 2366 774 2444 temptare
797 2362 939 2446 pericla.

66 2490 125 2540 raoo
144 2481 177 2541 et
201 2477 334 2555 biiugos
356 2475 444 2558 prius
467 2480 515 2540 est
538 2495 634 2556 quam
658 2476 707 2540 bis
730 2477 921 2560 coniungere
945 2477 1038 2543 binos

139 2597 172 2656 et
196 2611 298 2674 quam
322 2588 486 2654 falciferos
508 2595 664 2653 armatum
689 2591 862 2656 escendere
887 2612 1018 2657 currus.

138 2705 224 2771 inde
247 2705 347 2770 boves
368 2705 458 2769 lucas
481 2703 592 2769 turrito
616 2723 769 2788 corpore,
786 2711 907 2783 tetras,

142 2821 385 2905 anguimanus,
401 2818 477 2885 belli
501 2821 677 2885 docuerunt
698 2821 833 2885 volnera
855 2821 955 2886 Poeni

141 2939 281 3004 sufferre
306 2940 338 3001 et
359 2955 494 3016 magnas
516 2937 627 3002 Martis
648 2936 777 3002 turbare
801 2942 966 3002 catervas.

68 3068 126 3119 reos
144 3055 193 3120 sic
219 3052 287 3118 alid
309 3073 349 3118 ex
371 3053 434 3118 alio
457 3053 582 3138 peperit
604 3051 764 3118 discordia
785 3052 904 3136 tristis,

143 3168 300 3234 horribile
323 3168 471 3234 humanis
495 3167 581 3252 quod
603 3169 750 3251 gentibus
774 3173 860 3234 esset
881 3169 914 3233 in
937 3169 1053 3252 armis,

143 3283 245 3366 inque
267 3283 338 3350 dies
362 3284 437 3349 belli
460 3282 635 3348 terroribus
657 3282 783 3347 addidit
805 3302 966 3363 augmen.

185 3399 397 3482 Temptarunt
419 3397 515 3462 etiarn
537 3404 645 3461 tauros
668 3397 701 3460 iu
724 3415 875 3463 moenere
897 3396 995 3475 beili,

147 3512 335 3598 expertique
358 3531 432 3578 sues
455 3530 572 3576 saevos
594 3515 667 3574 sunt
690 3509 812 3576 mittere
835 3510 868 3574 in
890 3511 1011 3578 bostis.

70 3639 131 3691 raro
148 3634 181 3693 et
202 3628 331 3694 validos
352 3627 470 3713 partim
493 3645 571 3712 prae
594 3645 628 3690 se
652 3625 767 3690 misere
790 3625 902 3691 leones

148 3762 221 3808 cum
244 3743 428 3809 doctoribus
451 3739 582 3807 armatis
606 3740 775 3821 saevisque
798 3741 981 3825 magistris,

150 3859 203 3940 qui
225 3857 422 3924 moderarier
445 3857 494 3922 bis
516 3863 647 3940 possent
667 3855 844 3938 vinclisque
868 3862 998 3939 tenere,

149 3989 191 4037 nc
214 3974 386 4056 quiquam,
404 3971 556 4055 quoniam
578 3971 737 4056 permixta
760 3971 859 4038 caede
882 3971 1025 4036 calentes

151 4251 218 4298 1281
237 4248 323 4298 flamm
343 4246 358 4317 Η
380 4251 446 4298 1288
465 4247 579 4298 maiore.
600 4244 613 4316 Η
635 4252 702 4301 1294
721 4251 828 4315 speciest
851 4246 864 4318 Η
884 4249 1007 4300 athenae.
1027 4246 1040 4315 Η
1064 4248 1131 4296 1300
1150 4245 1238 4308 biiugo
1259 4241 1272 4314 Η

152 4337 218 4386 1302
239 4351 282 4386 eas
302 4334 316 4404 Η
336 4345 431 4387 tetros.
452 4335 464 4404 Η
487 4338 552 4386 1307
572 4336 646 4386 bellis
