3240 5010
370 402 434 468 212
908 399 952 463 Vl

370 571 579 656 conplernnt‚
596 591 710 654 magno
733 571 943 652 indignantur
964 588 1124 635 murmure
1146 569 1246 637 clausi

367 686 527 764 nubibus,
543 687 576 750 in
599 688 770 769 caveisque
792 685 933 751 terarum
957 705 1044 748 more
1069 685 1247 770 minentur,

368 821 452 865 nuno
474 801 547 867 hinc
569 823 653 867 nuno
674 802 763 868 illinc
785 801 930 866 fremitus
953 820 1011 882 per
1033 799 1142 864 nubila
1166 801 1310 878 mittunt,

292 935 344 984 noo
369 922 622 999 quaerentesque
644 917 729 983 visin
753 917 871 982 circum
894 921 1080 992 versantur,
1097 921 1129 980 et
1151 915 1236 996 ignis

370 1031 493 1096 semina
516 1032 708 1097 convolvunt
729 1053 745 1097 e
770 1032 907 1097 nubibus
929 1039 1025 1112 atque
1049 1032 1094 1094 ite
1118 1039 1237 1112 cogunt

367 1147 486 1230 multe,
505 1152 674 1228 rotantque
698 1147 785 1212 cavis
807 1146 968 1210 flammam
991 1138 1176 1210 fordeeibus
1199 1146 1304 1221 intus,

371 1262 474 1327 donec
497 1261 622 1327 divolsa
643 1262 799 1326 fulserunt
822 1263 907 1336 nube
930 1261 1071 1325 corusci.

406 1377 475 1440 Hac
497 1377 591 1441 etiem
614 1376 648 1440 fit
670 1377 713 1440 uti
738 1375 777 1440 de
800 1397 899 1440 cansa
921 1375 1049 1441 mobilis
1071 1376 1126 1440 ille

293 1513 343 1562 nos
369 1492 498 1558 devolet
519 1491 552 1554 in
574 1497 688 1556 terrum
712 1492 824 1573 liquidi
848 1493 936 1557 color
958 1511 1074 1556 aureus
1096 1492 1202 1574 ignis,

369 1608 491 1672 semine
514 1608 599 1689 quod
621 1607 722 1672 nubes
745 1607 834 1691 ipsas
856 1607 1013 1690 permulta
1036 1614 1203 1672 necessust

369 1723 453 1806 ignis
477 1721 614 1786 habere:
631 1723 748 1787 etenim
771 1741 842 1786 cum
866 1727 938 1786 sunt
960 1742 1071 1787 umore
1094 1723 1163 1787 sine
1187 1721 1272 1798 ullo,

365 1836 530 1901 flammeus
553 1842 602 1902 est
623 1837 808 1919 plerumque
832 1838 919 1902 colos
943 1843 975 1901 et
997 1836 1187 1919 splendidus
1209 1836 1307 1900 ollis:

369 1952 444 2034 quin
469 1952 565 2016 etiam
588 1952 665 2017 solis
689 1953 729 2015 de
751 1951 872 2016 lumine
894 1951 995 2015 multa
1018 1957 1181 2015 necessest

294 2086 345 2134 210
369 2067 559 2151 concipere,
576 2074 610 2130 ut
633 2067 744 2132 merito
768 2067 904 2131 rubeant
925 2066 1080 2147 ignesque
1105 2063 1318 2148 profundant.

367 2179 464 2245 hasce
486 2181 583 2263 igitur
605 2201 675 2246 oum
697 2187 812 2274 uentus
835 2201 936 2263 egens
959 2179 1114 2245 contrusit
1135 2179 1168 2242 in
1191 2197 1286 2242 unum

369 2296 620 2380 compressitque
642 2297 746 2361 locum
770 2317 910 2379 cogens,
928 2314 1084 2379 expressa
1105 2293 1303 2379 profundunt

369 2410 510 2486 semine,
528 2431 610 2493 quae
634 2409 753 2476 iaciunt
774 2412 921 2477 flammae
943 2411 1068 2492 fulgore
1092 2408 1236 2474 colores.

366 2524 458 2606 fulgit
480 2526 574 2609 item,
591 2546 663 2590 oum
685 2531 851 2590 rarescunt
874 2543 1001 2607 quoque
1025 2525 1135 2588 nubila
1157 2523 1257 2588 eecli.

293 2658 343 2706 215
368 2659 444 2704 nem
468 2659 539 2704 cum
560 2647 674 2704 ventus
697 2658 755 2704 ess
777 2639 891 2703 leviter
915 2639 1037 2703 diducit
1059 2637 1163 2702 euntis

369 2753 598 2837 dissoluitqne,
617 2754 732 2819 cadant
753 2755 888 2837 ingratis
910 2755 967 2818 ille
989 2757 1152 2841 necessest

370 2870 494 2934 semina
517 2888 601 2951 quae
623 2869 747 2933 fuciunt
768 2871 927 2950 fulgorem
941 2893 948 2931 ε
964 2875 1029 2930 tum
1052 2867 1121 2932 sine
1144 2873 1245 2932 taetro

370 2989 490 3049 terrore
514 2991 545 3047 et
567 2984 673 3048 sonitu
696 2980 791 3064 fulgit
813 2982 964 3062 nulloque
987 2982 1139 3045 tumultu.

407 3097 502 3174 Quod
525 3115 621 3178 super
643 3104 711 3178 est,
729 3095 815 3177 quali
840 3104 952 3159 natura
974 3095 1123 3180 praedite
1146 3101 1292 3160 constent

293 3233 343 3280 eno
368 3212 522 3289 fulmins,
539 3210 703 3274 declarant
724 3211 788 3275 ictu
810 3211 884 3275 loca
906 3210 1031 3293 inusta,
1047 3211 1176 3293 vaporis

336 3399 339 3406 Δ
369 3327 481 3408 signa,
498 3332 658 3409 notaeque
681 3327 788 3410 gravis
812 3325 953 3390 halantis
977 3325 1115 3407 sulpuris
1138 3345 1253 3389 auras:

368 3442 452 3524 ignis
476 3441 561 3506 enim
585 3449 657 3506 sunt
680 3443 761 3506 liaeo
785 3462 847 3504 uon
872 3439 956 3504 venti
980 3440 1073 3524 signa
1095 3460 1198 3521 neque
1220 3439 1351 3503 imbris.

368 3562 538 3641 practerea
560 3577 657 3640 saepe
682 3557 860 3621 accendunt
883 3575 1010 3636 quoque
1033 3560 1118 3620 tecta
1142 3553 1307 3620 domorum

367 3677 399 3738 et
421 3670 517 3737 celeri
538 3671 665 3736 flamma
687 3671 892 3736 dominantur
913 3671 945 3734 in
970 3669 1105 3734 aedibus
1128 3669 1227 3752 ipsis.

292 3807 343 3854 sno
367 3786 451 3852 hunc
472 3786 530 3850 tibi
553 3787 699 3852 subtilem
723 3808 791 3852 cum
815 3785 926 3869 primis
948 3782 1076 3866 ignibus
1098 3784 1204 3868 ignem

368 3988 568 3996 ——

372 4120 420 4168 199
440 4119 541 4168 fremitu
561 4116 575 4185 Η
596 4119 643 4166 201
665 4117 835 4167 comissum.
856 4112 869 4183 Η
890 4117 940 4164 205
960 4115 1030 4164 color
1049 4112 1063 4181 Η
1084 4117 1133 4164 201
1154 4114 1228 4178 Ignes
1248 4111 1261 4182 Η
1283 4117 1333 4164 208
1346 4115 1490 4179 Flsmeusq.

369 4207 515 4270 plerumque
536 4203 550 4272 Η
568 4206 632 4255 olis.
654 4202 667 4272 Η
687 4207 737 4252 209
751 4203 851 4266 Quippe
870 4204 937 4251 enim
957 4199 970 4270 Η
991 4206 1041 4251 210
1060 4203 1164 4251 iubeant
1184 4199 1197 4268 Η
1218 4205 1268 4251 213
1287 4203 1385 4265 fulgere
1405 4205 1417 4268 Η
1440 4205 1490 4253 216

369 4293 495 4357 ingratius
520 4291 533 4360 Η
559 4294 609 4340 218
627 4291 695 4341 sonis
720 4290 732 4359 Η
759 4293 808 4339 219
828 4290 897 4353 quali
917 4291 1056 4340 omissum.
1078 4285 1091 4356 Η
1112 4290 1163 4336 220
1181 4287 1233 4336 ictu
1252 4297 1278 4338 et
1295 4291 1380 4339 inusto
1405 4291 1418 4358 Η
1439 4293 1488 4340 221

370 4381 454 4429 suris.
476 4378 488 4446 Η
509 4381 559 4427 223
578 4394 604 4428 se
