3240 5010
710 331 755 396 Vl

83 523 144 570 roe
168 500 300 566 nuribus
323 501 467 585 alipedes
489 507 525 565 ut
546 501 631 567 cervi
655 521 753 586 saepe
775 507 928 584 putantur

169 618 285 682 ducere
308 616 349 680 de
372 615 506 681 latebris
530 617 691 702 serpentia
714 617 823 682 saccis
845 615 1004 681 ferarum.

170 731 255 812 quod
278 730 389 816 procul
412 751 433 794 a
455 749 533 794 vera
555 750 650 812 quam
674 731 716 796 sit
738 731 864 797 ratione
886 732 1049 814 repulsum

169 846 317 929 percipe:
335 866 409 909 uam
432 845 473 909 de
496 865 529 909 re
553 866 637 911 nuuc
659 847 731 931 ipsu
754 847 860 912 dicero
883 867 1000 910 couor.

210 960 367 1044 Principio
392 962 451 1025 boc
472 960 544 1026 dico
559 1013 567 1037 ‚
584 963 670 1044 quod
693 962 759 1026 dixi
782 981 880 1044 saepe
904 981 1031 1044 quoquc
1055 967 1149 1043 aute,

87 1095 143 1140 1111
169 1074 200 1137 iu
223 1082 309 1140 terra
331 1077 485 1158 cuiusque
508 1078 592 1141 modi
618 1097 722 1142 rerum
747 1096 819 1142 esse
842 1075 981 1158 figuras;

171 1190 288 1276 multu,
307 1191 378 1256 cibo
402 1212 485 1273 quae
508 1198 601 1275 suut,
617 1192 748 1275 vitalia,
766 1192 948 1272 multaque,
966 1190 1096 1255 morbos

168 1305 310 1370 incutere
333 1311 364 1371 et
387 1315 517 1371 mortem
542 1327 626 1388 quae
648 1307 778 1389 possint,
794 1307 998 1371 adcelerare.

169 1426 201 1484 et
222 1421 326 1503 magis
351 1441 423 1486 osse
446 1421 518 1486 aliis
541 1421 623 1486 alias
647 1421 862 1485 animantibus
885 1426 979 1504 aptas

168 1555 219 1600 res
241 1537 283 1600 ad
307 1536 384 1601 vitai
406 1536 560 1600 rationem
586 1536 782 1601 ostendimus
806 1541 878 1600 unte

10 1637 12 1698 i
89 1671 141 1717 111
168 1657 298 1735 proptor
321 1650 509 1716 dissimilem
532 1657 675 1714 naturam
700 1649 928 1732 dissimilisque

167 1771 308 1830 texturas
332 1767 414 1830 iuter
436 1787 508 1832 sese
531 1766 715 1849 primasque
738 1765 876 1858 figuras.

167 1882 267 1944 multa
289 1889 397 1946 ureuut
419 1881 546 1947 inimica
567 1901 625 1965 per
647 1880 754 1958 auris,
772 1881 870 1944 mults
891 1900 948 1965 per
969 1879 1059 1964 ipsas

165 1995 330 2060 insinuaut
352 1997 439 2060 nuris
461 1995 581 2062 infesta
605 2002 701 2079 utque
725 2015 841 2079 aspera
865 1995 1003 2077 adactu,

166 2129 225 2174 uec
247 2118 319 2174 suut
342 2112 441 2175 multa
463 2132 575 2194 parum
599 2118 686 2188 tactu
708 2111 837 2175 vitanda
862 2129 965 2192 oeque
988 2117 1095 2175 autem

90 2245 142 2290 rso
168 2233 298 2308 aspectu
321 2224 473 2308 fugienda
497 2246 676 2308 saporeque
699 2227 799 2290 tristia
823 2244 905 2306 quac
930 2225 1014 2288 siut.

207 2340 332 2404 Deinde
354 2339 463 2404 videre
487 2339 560 2422 licet
582 2360 677 2421 quam
700 2340 818 2404 multae
842 2340 906 2403 siut
927 2338 1046 2404 homiui
1071 2359 1123 2404 res

165 2454 280 2518 acriter
302 2453 419 2519 infesto
443 2473 540 2519 seusu
562 2473 763 2537 spurcaeque
785 2473 985 2538 gravesque;

167 2567 334 2633 arboribus
356 2569 491 2652 primum
516 2568 610 2633 certis
633 2569 741 2652 gravis
765 2570 878 2632 umbra
901 2569 1019 2632 tributa

167 2700 268 2763 usque
291 2683 394 2767 adeo,
413 2684 527 2767 ospitis
550 2682 671 2746 faciant
692 2689 727 2745 ut
748 2701 847 2766 saepe
871 2682 1019 2754 dolorem

9 2838 10 2875 1
90 2817 141 2862 reu
167 2797 267 2878 siquis
291 2818 346 2862 css
369 2804 481 2882 supter
502 2797 599 2862 iacuit
620 2803 799 2880 prostratus
821 2797 853 2860 iu
876 2797 1003 2861 herbis,

166 2917 214 2974 est
236 2912 330 2976 etiam
354 2913 480 2994 maguis
504 2913 668 2978 Heliconis
691 2912 852 2977 moutibus
875 2913 970 2975 arbos

165 3024 253 3090 floris
276 3028 374 3091 odore
397 3027 556 3092 homiuem
580 3033 683 3092 taetro
707 3031 862 3092 consucta
884 3045 1020 3091 uocare.

167 3139 306 3218 scilicet,
323 3142 402 3206 baec
425 3141 497 3206 ideo
520 3143 614 3207 terris
637 3163 676 3206 ex
699 3141 804 3206 omnia
829 3149 962 3222 surgunt

165 3254 264 3320 multa
289 3255 391 3321 modis
412 3254 520 3319 multis
543 3256 712 3320 muitarum
735 3257 857 3320 semina
880 3275 1004 3332 rerum,

90 3386 140 3432 190
167 3369 252 3449 quod
276 3369 432 3453 permixta
453 3367 536 3450 gerit
557 3369 651 3433 telius
674 3369 876 3449 discretaque
899 3368 1015 3431 tradit.

165 3489 417 3566 nocturnumque
440 3501 552 3547 recens
575 3481 746 3544 extinctum
770 3483 876 3546 lumou
900 3482 955 3545 ubi
978 3481 1042 3545 aori

166 3595 276 3660 nidore
300 3597 433 3662 offendit
455 3615 569 3681 nares,
587 3595 733 3678 consopit
755 3594 893 3659 ibidem.

91 3727 141 3774 194
167 3715 378 3794 castoreoque
401 3712 493 3797 gravi
516 3710 630 3774 mulier
652 3709 757 3792 sopita
779 3709 954 3791 recumbit,

166 3831 197 3888 et
218 3824 366 3888 manibus
388 3826 521 3889 nitidum
545 3825 663 3890 teucris
687 3845 767 3908 opus
791 3824 890 3889 effluit
913 3824 961 3900 ei,

167 3943 308 4022 tempore
332 3958 369 4002 eo
393 3940 420 4004 si
443 3941 607 4006 odoratast
630 3959 692 4021 quo
715 3946 875 4004 menstrua
897 3937 1011 4003 solvit.

10 1288 12 1329 i

165 4112 367 4120 ———

171 4217 218 4263 767
239 4229 296 4264 vere
322 4212 334 4281 ti
361 4216 410 4263 770
430 4213 551 4277 cuiusque
577 4211 589 4282 Η
616 4218 663 4263 771
685 4228 748 4276 oque
775 4209 788 4281 Η
814 4216 862 4261 777
883 4228 957 4262 curus
981 4209 994 4278 Η
1021 4212 1070 4260 778
1090 4215 1175 4258 tactu.
1200 4203 1213 4272 Η
1240 4210 1289 4256 780

170 4300 275 4349 tristitie
297 4298 309 4368 Η
334 4305 381 4350 787
403 4309 504 4350 uetere.
527 4299 540 4368 Η
562 4305 610 4350 788
630 4302 705 4350 iudeo
725 4301 769 4349 tris
789 4298 802 4368 ΙΙ
825 4303 871 4348 791
893 4301 975 4350 ocris.
