3266 4994
696 387 754 452 IIII

80 578 134 626 920
159 579 237 623 nam
261 557 391 622 dubium
415 577 478 623 non
500 563 567 636 est,
584 559 703 623 animai
728 560 803 641 quin
826 580 924 643 opera
946 563 988 628 sit

160 692 275 739 seusus
298 674 349 739 hic
370 673 403 737 in
425 673 648 757 nobis,-quem
671 694 740 739 cum
765 693 862 758 sopor
884 676 1006 760 inpedit
1028 698 1119 759 esse,

159 794 227 852 turn
249 788 341 854 nobis
365 789 503 852 animam
526 789 739 872 perturbatam
763 808 836 854 esse
859 791 1066 874 putandumst

161 903 362 985 eiectamque
385 903 495 986 foras;
512 923 578 968 nou
601 923 747 967 omnem:
763 923 901 986 namque
923 906 1042 972 iaceret

160 1023 292 1083 aeterno
315 1038 429 1103 corpus
451 1019 614 1102 perfusum
637 1017 758 1100 frigore
781 1018 854 1084 leti.

80 1149 134 1197 999
161 1132 299 1216 quippe,
316 1133 369 1197 ubi
392 1134 482 1198 nulla
503 1133 608 1200 latens
632 1135 751 1198 animai
774 1155 850 1218 pars
873 1146 1051 1204 remaneret

158 1245 192 1308 in
215 1247 382 1323 membris,
400 1248 506 1314 cinere
528 1255 562 1312 ut
584 1249 684 1314 multa
707 1249 785 1313 latet
807 1249 939 1316 obrutus
961 1251 1065 1335 ignis,

158 1360 243 1425 unde
266 1361 434 1427 reconflari
458 1383 572 1430 sensus
593 1383 651 1448 per
672 1365 816 1429 membra
837 1372 968 1449 repente

158 1481 287 1558 posset,
303 1485 338 1540 ut
360 1497 399 1541 ex
421 1477 489 1560 igni
513 1499 609 1543 caeco
632 1499 824 1561 consurgere
847 1479 1004 1544 damma?

199 1588 262 1654 Sed
285 1590 399 1671 quibus
413 1592 501 1680 ¹haec
524 1594 619 1658 rebus
640 1593 767 1658 novitas
790 1595 923 1678 confiat,
941 1601 973 1659 et
994 1596 1078 1661 unde

81 1723 132 1770 999
157 1704 337 1787 perturbari
360 1703 467 1770 anima
491 1713 522 1772 et
544 1727 659 1790 corpus
681 1707 890 1790 languescere
912 1707 1034 1794 p'ossit,

159 1817 349 1901 expediam:
365 1825 398 1884 tu
420 1822 470 1885 fac
492 1841 532 1886 ne
554 1822 657 1887 ventis
679 1824 778 1888 verba
800 1822 1015 1906 profundam.

157 1935 313 2020 principio
337 1940 469 2000 externa
492 1956 607 2020 corpus
629 1939 670 2001 de
693 1944 784 2020 parte
806 1957 972 2004 necessum
996 1947 1064 2024 est,

159 2051 255 2116 ae'riis
278 2050 589 2132 quoniamricinum
613 2052 755 2136 tangitur
777 2054 882 2132 auris,

155 2163 282 2230 tundier
303 2169 398 2245 atque
421 2164 463 2229 ab
484 2165 555 2230 ibus
579 2166 690 2231 crebro
713 2167 871 2250 pulsarier
893 2167 976 2244 ictu,

83 2301 131 2347 999
158 2284 395 2364 proptereaque
417 2278 483 2344 fere
505 2301 556 2345 res
579 2301 690 2347 omues
713 2288 769 2346 aut
792 2282 878 2347 corio
903 2289 975 2348 sunt

157 2400 212 2458 aut
234 2393 328 2459 etiam
352 2391 483 2457 conchis
505 2401 561 2461 aut
583 2397 668 2460 callo
692 2402 748 2460 aut
770 2397 885 2462 cortice
907 2403 1032 2463 tectae.

157 2507 340 2572 interiorem
363 2507 459 2572 etiam
480 2513 602 2590 partem
625 2508 820 2592 spirantibus
842 2517 896 2573 atr

155 2622 304 2689 verberat
327 2622 378 2686 hie
400 2621 506 2704 idern,
524 2642 593 2686 cum
618 2622 741 2686 ducitur
764 2626 860 2703 atque
881 2623 1030 2687 reflatur.

156 2755 257 2818 quare
279 2737 436 2818 utrimque
458 2755 550 2801 secus
573 2757 643 2800 cum
667 2753 782 2819 corpus
803 2736 953 2820 vapulet,
971 2743 1002 2802 et
1024 2757 1095 2803 cum

79 2873 130 2919 949
158 2850 346 2934 perveniant
367 2851 485 2934 plagae
506 2870 564 2934 per
586 2871 686 2934 parva
708 2851 864 2914 foramina
886 2851 980 2918 nobis

155 2964 296 3048 corporis
319 2965 360 3030 ad
382 2965 503 3050 primas
525 2965 625 3049 partis
647 2965 868 3048 elementaque
890 2965 1014 3050 prima,

154 3079 195 3156 lit¹
213 3080 305 3161 quasi
327 3080 481 3165 paulatim
503 3079 597 3146 nobis
620 3100 677 3163 per
700 3080 841 3145 membra
861 3081 971 3145 ruina.

155 3195 383 3259 conturbantur
406 3194 490 3258 euim
513 3195 676 3279 positurae
699 3195 927 3280 principiorum

156 3309 299 3393 corporis
322 3315 418 3390 atque
441 3309 558 3372 animi.
575 3308 610 3373 fit
632 3309 678 3373 uti
699 3328 774 3391 pars
797 3309 871 3374 inde
894 3309 1013 3373 animai

83 3442 132 3489 949
156 3423 311 3500 eiciatur,
328 3429 360 3487 et
382 3423 551 3488 introrsum
572 3444 648 3506 pars
670 3422 782 3486 abdita
805 3423 916 3505 cedat,

155 3557 231 3621 pars
253 3537 346 3601 etiam
371 3535 523 3601 distracta
545 3555 601 3620 per
624 3541 711 3600 artus
734 3554 798 3599 non
822 3539 917 3615 queat
939 3553 1012 3600 9999

155 3650 321 3715 coniuncta
344 3650 427 3716 iuter
448 3672 484 3717 se
506 3669 611 3732 neque
633 3654 720 3714 motu
743 3655 850 3712 mutua
872 3648 983 3731 iungi:

155 3763 238 3829 inter
261 3765 343 3830 enirn
368 3765 473 3848 saepit
495 3771 603 3830 coetus
626 3772 741 3829 natura
764 3763 910 3845 viasque:

155 3896 233 3960 ergo
256 3897 370 3943 seusus
393 3877 462 3942 abit
483 3879 612 3944 mutatis
634 3879 771 3944 motibus
794 3877 878 3944 alte.

82 4011 132 4058 999
158 3996 190 4057 et
213 3992 364 4072 quoniam
386 4011 452 4056 non
474 3996 523 4056 est
546 3993 638 4073 qnasi
661 3994 747 4074 quod
768 3994 924 4060 suffulciat
947 4000 1054 4078 artus,

159 4104 266 4170 debile
288 4106 323 4171 tit
345 4125 480 4189 corpus,
497 4104 772 4214 languescuntque
795 4108 903 4172 omnia
925 4107 1085 4188 membra,

161 4353 212 4402 928
231 4351 316 4403 Possit
336 4350 349 4424 Η
370 4355 420 4405 929
440 4353 534 4405 condat
555 4349 568 4420 ΙΙ
589 4355 639 4403 934
658 4361 734 4416 atque
752 4353 805 4403 eius
826 4349 839 4422 ΙΙ
859 4355 908 4403 936
928 4354 997 4417 gallo
1017 4349 1031 4418 ll
1052 4351 1101 4400 949
1120 4350 1243 4402 Eliciatur

1043 4454 1080 4517 10
