3266 4994
719 352 764 414 Ill

174 524 326 589 inbecilla
348 522 437 588 foras
451 573 458 601 ‚
474 522 507 585 in
530 527 662 606 aperto,
679 519 820 602 tegmine
844 518 972 604 dempto
986 571 994 597 ,

99 659 149 708 666
175 659 240 703 non
263 637 359 703 modo
382 658 447 702 non
470 655 595 702 omnem
618 636 719 720 possit
741 635 858 700 durare
880 655 940 718 per
962 654 1095 713 aevom,

175 754 234 820 sed
256 753 419 818 minimum
443 749 578 835 quodvis
600 757 742 834 nequeat
764 751 937 816 consistere
959 750 1112 835 tempus?

175 889 235 934 nec
256 869 317 934 sibi
341 868 425 934 enim
448 865 615 949 quisquam
638 866 777 932 moriens
801 865 917 931 sentire
940 865 1066 930 videtur

176 982 223 1050 ire
244 982 334 1048 foras
356 982 496 1046 animam
518 980 708 1046 incolumem
733 981 772 1046 de
795 1001 929 1064 corpore
950 986 1038 1058 toto,

175 1119 236 1164 nec
256 1099 345 1182 prius
368 1098 410 1162 ad
432 1096 573 1178 iugulum
597 1101 629 1160 et
647 1116 765 1179 supera
787 1095 959 1162 succedere
983 1095 1112 1182 lancee,

98 1235 150 1282 oro
176 1233 287 1280 verum
310 1210 446 1276 deficere
467 1211 499 1274 in
523 1216 612 1276 certa
634 1211 768 1292 regione
791 1211 949 1291 locatam3

175 1335 210 1392 ut
232 1346 345 1393 sensus
367 1325 448 1390 alios
470 1325 502 1388 in
526 1325 608 1409 parti
631 1345 790 1408 quemque
813 1345 873 1391 sua
896 1327 956 1392 scit

178 1441 331 1508 dissolui.
349 1439 434 1523 quod
457 1440 484 1506 si
506 1440 685 1506 inmortalis
707 1447 817 1506 nostra
839 1439 921 1505 foret
944 1459 1055 1519 meus,

177 1561 327 1622 nontam
350 1574 385 1620 se
408 1554 549 1619 moriens
572 1553 705 1618 dissolvi
729 1558 992 1639 conquereretur,

177 1671 233 1736 sed
254 1669 359 1753 magis
382 1670 429 1734 ire
452 1669 542 1733 foras
563 1675 749 1750 vestemque
771 1668 971 1753 relinquere,
987 1675 1022 1734 ut
1043 1671 1177 1754 anguis.

101 1806 153 1853 616
219 1785 367 1866 Denique
391 1804 447 1848 cur
468 1784 567 1847 animi
590 1804 762 1865 numquam
785 1803 874 1848 meus
898 1784 1129 1868 consiliumque

175 1900 313 1984 gignitur
334 1900 366 1962 iu
390 1898 497 1983 capite
520 1905 575 1963 aut
597 1898 735 1983 pedibus
759 1898 967 1983 manibusve,
985 1900 1043 1964 sed
1065 1901 1137 1965 uuis

176 2015 308 2080 sedibus
331 2020 363 2079 et
385 2015 480 2079 certis
501 2014 678 2099 regionibu’
698 2015 838 2099 pectoris
861 2013 992 2092 haeret,

176 2130 203 2195 si
226 2150 290 2195 non
312 2135 400 2222 certa
421 2128 495 2194 lcca
518 2128 557 2192 ad
580 2129 777 2194 nascendum
798 2129 927 2194 reddita
951 2130 1065 2212 cuique

177 2249 268 2327 sunt,
285 2249 316 2308 et
338 2244 394 2308 ubi
416 2243 568 2326 quicquid
590 2244 693 2328 possit
715 2244 829 2308 durare
852 2251 995 2309 creatum

99 2381 152 2428 cao
177 2365 274 2441 atque
294 2359 341 2424 ita
363 2358 558 2422 multimodis
581 2357 732 2442 perfectis
756 2360 887 2424 artubus
910 2379 1001 2443 esse,

177 2474 391 2539 membrorum
411 2477 446 2536 ut
468 2491 641 2553 numquam
664 2473 781 2537 existat
801 2481 1026 2557 praeposterus
1050 2473 1157 2539 ordo?

179 2609 280 2671 usque
303 2589 385 2652 adeo
409 2587 551 2669 sequitur
574 2605 625 2650 res
648 2607 735 2670 rem,
753 2606 857 2670 neque
880 2587 1010 2652 flamma
1033 2589 1136 2655 creari

177 2703 360 2768 fluminibus
383 2702 507 2766 solitast
528 2720 633 2782 neque
656 2701 690 2765 iu
712 2702 779 2784 igni
801 2701 925 2782 gignier
948 2703 1061 2786 algor.
1149 2703 1158 2728 ⁸

218 2821 393 2884 Praeterea
416 2816 442 2881 si
466 2815 644 2882 inmortalis
667 2823 781 2881 natura
800 2815 958 2883 'animaist

100 2954 153 3002 ose
178 2939 211 2998 et
232 2931 355 2998 sentire
372 2935 477 3014 potest
499 2935 624 2995 secreta
647 2951 667 2994 a
690 2949 823 3014 corpore
845 2936 975 3007 nostro,

178 3047 338 3129 quinque,
355 3050 390 3108 ut
412 3045 546 3128 opinor,
565 3065 636 3108 eam
659 3043 843 3108 faciundum
867 3050 917 3109 est
939 3045 1084 3110 sensibus
1107 3052 1254 3112 auctam.

177 3182 237 3227 nec
259 3160 381 3224 ratione
404 3159 471 3223 alia
493 3164 618 3223 nosmet
640 3179 818 3243 proponere
842 3159 935 3223 uobis

178 3295 345 3358 possumus
368 3273 511 3337 infernas
535 3273 661 3337 animas
683 3273 865 3338 Acherunte
888 3273 1020 3355 vagari.

177 3389 315 3472 pictores
338 3388 447 3469 itaque
471 3393 502 3452 et
524 3386 712 3470 scriptorum
735 3387 843 3450 saecla
866 3386 975 3470 priora

102 3523 153 3570 666
180 3502 225 3567 sio
247 3502 372 3567 animas
395 3501 478 3566 intro
502 3502 661 3566 duxeruut
682 3501 830 3564 sensibus
854 3507 985 3566 auctas.

178 3623 211 3681 at
232 3636 337 3700 neque
360 3637 483 3680 sorsum
508 3616 590 3681 oculi
613 3633 716 3696 neque
739 3634 833 3678 nares
856 3635 915 3679 nec
938 3636 1053 3682 manus
1074 3617 1146 3700 ipsa

179 3752 250 3798 esse
272 3736 378 3816 potest
399 3730 548 3813 animae,
565 3749 669 3813 neque
693 3748 818 3793 sorsum
842 3728 953 3812 lingua
975 3750 1078 3812 neque
1100 3749 1216 3796 aures:

177 3845 265 3908 baud
287 3845 384 3926 igitur
406 3862 464 3930 per
485 3863 520 3908 66
542 3850 676 3928 possunt
697 3842 815 3906 sentire
836 3861 941 3922 neque
964 3865 1055 3910 6666.

181 4025 382 4034 ι---..-.--

183 4146 233 4194 612
252 4145 399 4196 inmortelcs
424 4141 437 4212 ΙΙ
463 4147 512 4194 611
533 4142 650 4193 omnibns
677 4141 690 4210 ΙΙ
717 4145 766 4192 618
785 4142 866 4193 redita
892 4139 905 4211 d
930 4147 980 4194 620
999 4153 1025 4194 ta
1049 4143 1060 4211 Η
1086 4143 1190 4208 pertotis
1215 4140 1228 4212 ΙΙ
1253 4147 1303 4194 623

182 4232 258 4280 solita
283 4247 364 4294 neque
390 4231 484 4294 insigni
510 4229 523 4298 Η
549 4233 599 4278 624
618 4231 732 4279 mortalis
757 4228 771 4299 d
796 4231 934 4280 animacst.
960 4228 973 4298 Η
999 4233 1048 4280 626
1068 4238 1188 4280 anctum.
1214 4229 1227 4298 ΙΙ
1253 4234 1303 4280 628

182 4332 290 4366 vacare.
310 4315 325 4388 ΙΙ
347 4320 396 4366 632
416 4319 502 4366 anima
522 4314 536 4386 Η
557 4319 607 4368 633
627 4317 751 4365 Auditum

1055 4412 1101 4485 766
