3266 4994
708 369 752 432 lll

166 537 385 621 quaerendum
408 537 553 603 videatur
576 537 664 602 etin
687 537 856 604 discrimen
878 540 1059 627 agendum,

167 657 271 716 utrum
294 651 425 717 tandem
449 652 575 716 animae
597 657 753 717 venentur
774 656 897 719 semina
921 675 1068 737 quaeque

164 765 407 831 vermiculorum
429 767 587 851 ipsaeque
610 767 671 832 sibi
694 766 891 833 fabricentur
912 770 965 834 ubi
990 771 1072 854 sint,

165 900 209 944 an
231 881 324 961 quasi
348 882 534 964 corporibus
556 881 706 967 perfectis
729 883 948 948 insinuentur.

75 1016 140 1062 730
166 999 200 1058 at
222 1013 327 1075 neque
349 1014 406 1059 our
426 994 546 1060 iaciant
567 997 657 1079 ipsae
680 1017 821 1078 quareve
844 999 991 1066 laborent

166 1108 271 1173 dicere
294 1107 501 1192 suppeditat.
517 1129 621 1192 neque
644 1112 747 1189 enim,
765 1113 834 1178 sine
856 1133 990 1196 corpore
1012 1135 1083 1179 cnm
1106 1119 1198 1197 sunt,

168 1223 325 1288 sollicitae
347 1223 481 1288 volitant
503 1225 622 1289 morbis
646 1226 782 1308 alguque
804 1203 975 1309 fameque:

166 1357 281 1420 corpus
304 1337 388 1421 enim
412 1339 516 1422 magis
539 1339 588 1404 bis
610 1339 695 1405 vitiis
718 1341 824 1406 adfine
847 1341 992 1425 laborat,

168 1457 200 1515 et
222 1452 309 1515 mala
332 1451 431 1515 multa
453 1452 580 1518 animus
603 1455 781 1538 contagibu’
804 1455 945 1536 fungitur
969 1456 1058 1521 eius.

82 1589 140 1636 735
167 1566 225 1632 sed
248 1572 353 1630 tamen
376 1564 426 1630 bis
451 1572 518 1631 esto
543 1569 689 1648 quamvis
711 1567 817 1633 facere
840 1569 917 1633 utile
940 1590 1076 1653 eorpus,

164 1703 234 1748 curn
258 1681 412 1744 subeant:
429 1685 463 1744 at
485 1699 547 1762 qua
568 1681 693 1765 possint
714 1682 768 1746 via
789 1683 879 1746 nulla
901 1683 1046 1748 videtur.

162 1796 241 1860 baut
261 1795 357 1876 igitur
378 1793 501 1859 faciunt
522 1795 650 1859 animae
673 1796 733 1859 sibi
757 1817 892 1880 corpora
914 1803 946 1861 et
968 1803 1077 1862 artus.

162 1929 223 1975 neo
244 1914 350 1972 tamen
373 1914 422 1973 est
444 1914 478 1971 ut
500 1908 565 1972 iam
587 1910 738 1992 perfectis
759 1911 960 1976 insinuentur

164 2023 369 2106 corporibus:
385 2042 490 2104 neque
514 2025 597 2088 enirn
620 2031 768 2107 poterunt
790 2026 948 2109 suptiliter
970 2045 1042 2092 esse

88 2161 141 2207 vso
167 2155 332 2220 conexae,
348 2157 453 2219 neque
478 2157 652 2204 consensus
675 2141 825 2220 contagia
846 2139 940 2204 fient.

204 2252 350 2334 Denique
374 2271 431 2315 cur
452 2252 536 2317 acris
558 2253 713 2318 violentia
736 2254 824 2318 triste
848 2255 975 2318 leonum

162 2366 329 2432 seminium
352 2367 515 2448 sequitur,
531 2367 643 2449 volpes
666 2368 780 2452 dolus,
797 2374 828 2433 et
850 2368 929 2449 fuga
951 2388 1080 2453 cervos,

84 2503 138 2550 744
163 2488 195 2546 et
214 2481 277 2544 iam
301 2486 406 2547 cetera
427 2481 466 2546 de
489 2499 619 2564 genere=
633 2481 693 2546 hoc
710 2501 771 2548 eur
795 2483 903 2546 omnia
924 2483 1074 2547 membris

163 2616 202 2661 ex
223 2597 352 2660 ineunte
374 2616 454 2661 aevo
478 2602 692 2678 generascunt
713 2597 926 2680 ingenioque,

163 2712 190 2776 si
211 2732 295 2794 non,
312 2716 397 2776 certa
419 2730 478 2775 suo
502 2711 577 2793 quia
599 2710 721 2775 semine
743 2710 940 2791 seminioque

161 2828 210 2891 vis
232 2826 331 2892 animi
352 2825 473 2910 pariter
496 2825 609 2890 erescit
632 2845 702 2889 oum
726 2844 858 2907 corpore
879 2827 974 2890 toto?

161 2941 247 3023 quod
269 2940 297 3006 si
318 2939 496 3006 inmortalis
519 2939 603 3006 foret
626 2947 657 3006 et
680 2946 802 3005 mutare
827 2939 943 3005 soleret

163 3074 317 3139 corpora,
332 3055 496 3139 permixtis
518 3055 696 3120 animantes
719 3055 861 3120 moribus
883 3061 1012 3138 essent,

82 3193 135 3240 vso
162 3171 317 3250 effugeret
339 3168 428 3233 canis
450 3169 603 3252 Hyrcano
628 3169 814 3235 desemine
838 3188 936 3253 saepe

162 3283 320 3369 cornigeri
341 3285 503 3348 incursum
525 3282 629 3367 cervi,
645 3287 856 3364 tremeretque
878 3302 935 3367 per
957 3302 1054 3348 auras

160 3398 245 3464 aeris
267 3398 418 3482 accipiter
440 3397 566 3480 fugiens
588 3398 735 3462 veniente
757 3398 926 3478 columba,

162 3513 344 3597 desiperent
366 3512 530 3596 homines,
547 3517 697 3596 saperent
719 3511 788 3575 fera
811 3510 918 3575 saecla
940 3507 1101 3574 ferarum.
1184 3537 1194 3550 ·

161 3627 240 3692 illud
265 3628 350 3692 enim
371 3627 454 3692 falsa
476 3626 576 3692 fertur
598 3627 741 3704 ratione,
759 3624 844 3707 quod
867 3624 958 3688 aiunt

86 3765 136 3813 755
161 3742 358 3808 inmortalem
382 3742 522 3807 animam
543 3748 663 3806 mutato
687 3759 820 3826 corpore
843 3738 946 3804 flecti:

161 3857 247 3941 quod
268 3860 409 3920 mutatur
430 3855 514 3926 enim
538 3855 743 3934 dissolvitur,
758 3854 874 3928 interit,
887 3872 964 3935 ergo
979 3903 986 3918 .

159 3971 345 4037 traiciuntur
367 3969 451 4036 enim
473 3975 581 4053 partes
604 3975 701 4052 atque
722 3971 836 4036 ordine
858 3969 1016 4053 migrant3

165 4239 214 4287 ⁷82
234 4239 343 4302 algoqne
363 4235 376 4307 Η
399 4240 449 4288 734
462 4244 570 4300 conmge
591 4232 603 4302 ll
626 4237 675 4284 736
695 4249 743 4297 que
763 4232 777 4305 Η
799 4238 847 4286 738
867 4243 895 4286 ut
906 4235 1009 4298 quicum
1030 4231 1042 4303 ll
1064 4234 1115 4282 740
1127 4245 1250 4283 consensu
1270 4227 1282 4302 ll

166 4327 215 4376 743
234 4325 260 4375 Α
277 4315 392 4394 patribus
411 4325 485 4378 datur
503 4331 528 4375 et
545 4321 674 4391 aponius
691 4338 770 4391 pavor
790 4323 881 4376 incitat
897 4331 983 4376 artus.
