<?xml version="1.0" encoding="UTF-8"?>
<!DOCTYPE html PUBLIC "-//W3C//DTD XHTML 1.0 Transitional//EN"
    "http://www.w3.org/TR/xhtml1/DTD/xhtml1-transitional.dtd">
<html xmlns="http://www.w3.org/1999/xhtml" xml:lang="en" lang="en">
 <head>
  <title>
</title>
<meta http-equiv="Content-Type" content="text/html;charset=utf-8" />
  <meta name='ocr-system' content='tesseract 3.04.00' />
  <meta name='ocr-capabilities' content='ocr_page ocr_carea ocr_par ocr_line ocrx_word'/>
</head>
<body>
  <div class='ocr_page' id='page_1' title='image "./tlucreticarider19carugoog_0032.png"; bbox 0 0 3236 5020; ppageno 0'>
   <div class='ocr_carea' id='block_1_1' title="bbox 704 373 721 436">
    <p class='ocr_par' dir='ltr' id='par_1_1' title="bbox 704 373 721 436">
     <span class='ocr_line' id='line_1_1' title="bbox 704 373 721 436; baseline 0 0"><span class='ocrx_word' id='word_1_1' title='bbox 704 373 721 436; x_wconf 96' lang='grc' dir='ltr'>Ι</span> 
     </span>
    </p>
   </div>
   <div class='ocr_carea' id='block_1_2' title="bbox 54 539 1164 3935">
    <p class='ocr_par' dir='ltr' id='par_1_2' title="bbox 54 539 1164 3935">
     <span class='ocr_line' id='line_1_2' title="bbox 149 539 966 624; baseline 0 -20"><span class='ocrx_word' id='word_1_2' title='bbox 149 549 181 605; x_wconf 89' lang='lat' dir='ltr'><strong>et</strong></span> <span class='ocrx_word' id='word_1_3' title='bbox 202 541 343 622; x_wconf 84' lang='lat' dir='ltr'><strong>graviter</strong></span> <span class='ocrx_word' id='word_1_4' title='bbox 363 541 472 624; x_wconf 87' lang='lat' dir='ltr'><strong>magni</strong></span> <span class='ocrx_word' id='word_1_5' title='bbox 495 560 614 624; x_wconf 85' lang='lat' dir='ltr'><strong>magno</strong></span> <span class='ocrx_word' id='word_1_6' title='bbox 638 539 781 604; x_wconf 88' lang='lat' dir='ltr'><strong>cecidere</strong></span> <span class='ocrx_word' id='word_1_7' title='bbox 804 541 846 604; x_wconf 94' lang='lat' dir='ltr'><strong>ibi</strong></span> <span class='ocrx_word' id='word_1_8' title='bbox 868 563 966 606; x_wconf 90' lang='lat' dir='ltr'><strong>casu:</strong></span> 
     </span>
     <span class='ocr_line' id='line_1_3' title="bbox 148 655 923 738; baseline 0.003 -22"><span class='ocrx_word' id='word_1_9' title='bbox 148 655 283 738; x_wconf 87' lang='lat' dir='ltr'><strong>primum</strong></span> <span class='ocrx_word' id='word_1_10' title='bbox 307 656 394 737; x_wconf 89' lang='lat' dir='ltr'><strong>quod</strong></span> <span class='ocrx_word' id='word_1_11' title='bbox 416 663 521 720; x_wconf 90' lang='lat' dir='ltr'><strong>motus</strong></span> <span class='ocrx_word' id='word_1_12' title='bbox 544 659 692 738; x_wconf 85' lang='lat' dir='ltr'><strong>exempto</strong></span> <span class='ocrx_word' id='word_1_13' title='bbox 715 655 811 718; x_wconf 93' lang='lat' dir='ltr'><strong>rebus</strong></span> <span class='ocrx_word' id='word_1_14' title='bbox 833 655 923 718; x_wconf 90' lang='lat' dir='ltr'><strong>inani</strong></span> 
     </span>
     <span class='ocr_line' id='line_1_4' title="bbox 146 768 1020 854; baseline 0 -22"><span class='ocrx_word' id='word_1_15' title='bbox 146 769 360 854; x_wconf 87' lang='lat' dir='ltr'><strong>constituunt,</strong></span> <span class='ocrx_word' id='word_1_16' title='bbox 384 779 415 836; x_wconf 90' lang='lat' dir='ltr'><strong>et</strong></span> <span class='ocrx_word' id='word_1_17' title='bbox 437 789 488 834; x_wconf 88' lang='lat' dir='ltr'><strong>res</strong></span> <span class='ocrx_word' id='word_1_18' title='bbox 511 768 618 834; x_wconf 86' lang='lat' dir='ltr'><strong>mollis</strong></span> <span class='ocrx_word' id='word_1_19' title='bbox 639 789 795 850; x_wconf 89' lang='lat' dir='ltr'><strong>rarasque</strong></span> <span class='ocrx_word' id='word_1_20' title='bbox 817 769 1020 853; x_wconf 80' lang='lat' dir='ltr'>relinquent,</span> 
     </span>
     <span class='ocr_line' id='line_1_5' title="bbox 145 883 1057 966; baseline 0.002 -20"><span class='ocrx_word' id='word_1_21' title='bbox 145 889 243 966; x_wconf 69' lang='lat' dir='ltr'><strong>abra,</strong></span> <span class='ocrx_word' id='word_1_22' title='bbox 268 885 390 960; x_wconf 83' lang='lat' dir='ltr'><strong>solem,</strong></span> <span class='ocrx_word' id='word_1_23' title='bbox 413 884 542 966; x_wconf 76' lang='lat' dir='ltr'><strong>ignem,</strong></span> <span class='ocrx_word' id='word_1_24' title='bbox 566 889 704 959; x_wconf 80' lang='lat' dir='ltr'><strong>terram,</strong></span> <span class='ocrx_word' id='word_1_25' title='bbox 728 883 904 960; x_wconf 87' lang='lat' dir='ltr'><strong>animalia,</strong></span> <span class='ocrx_word' id='word_1_26' title='bbox 928 883 1057 966; x_wconf 88' lang='lat' dir='ltr'><strong>fruges,</strong></span> 
     </span>
     <span class='ocr_line' id='line_1_6' title="bbox 66 975 999 1081; baseline 0.001 -20"><span class='ocrx_word' id='word_1_27' title='bbox 66 1017 119 1064; x_wconf 83' lang='lat'><strong>745</strong></span> <span class='ocrx_word' id='word_1_28' title='bbox 146 1015 207 1062; x_wconf 91' lang='lat' dir='ltr'><strong>nec</strong></span> <span class='ocrx_word' id='word_1_29' title='bbox 227 1004 336 1062; x_wconf 90' lang='lat' dir='ltr'><strong>tamen</strong></span> <span class='ocrx_word' id='word_1_30' title='bbox 359 997 536 1064; x_wconf 90' lang='lat' dir='ltr'><strong>admiscent</strong></span> <span class='ocrx_word' id='word_1_31' title='bbox 557 975 596 1060; x_wconf 85' lang='lat' dir='ltr'><strong>iu¹</strong></span> <span class='ocrx_word' id='word_1_32' title='bbox 612 1016 722 1061; x_wconf 90' lang='lat' dir='ltr'><strong>eorum</strong></span> <span class='ocrx_word' id='word_1_33' title='bbox 745 1018 861 1081; x_wconf 74' lang='lat' dir='ltr'><strong>corpus</strong></span> <span class='ocrx_word' id='word_1_34' title='bbox 881 997 999 1080; x_wconf 82' lang='lat' dir='ltr'><strong>inaue3</strong></span> 
     </span>
     <span class='ocr_line' id='line_1_7' title="bbox 147 1109 1000 1192; baseline 0.006 -20"><span class='ocrx_word' id='word_1_35' title='bbox 147 1109 264 1176; x_wconf 89' lang='lat' dir='ltr'><strong>deinde</strong></span> <span class='ocrx_word' id='word_1_36' title='bbox 288 1111 375 1192; x_wconf 93' lang='lat' dir='ltr'><strong>quod</strong></span> <span class='ocrx_word' id='word_1_37' title='bbox 397 1111 527 1177; x_wconf 90' lang='lat' dir='ltr'><strong>omniuo</strong></span> <span class='ocrx_word' id='word_1_38' title='bbox 550 1111 644 1176; x_wconf 82' lang='lat' dir='ltr'><strong>tinem</strong></span> <span class='ocrx_word' id='word_1_39' title='bbox 667 1131 731 1175; x_wconf 90' lang='lat' dir='ltr'><strong>non</strong></span> <span class='ocrx_word' id='word_1_40' title='bbox 755 1130 826 1176; x_wconf 92' lang='lat' dir='ltr'><strong>esse</strong></span> <span class='ocrx_word' id='word_1_41' title='bbox 850 1112 1000 1178; x_wconf 77' lang='lat' dir='ltr'><strong>secandis</strong></span> 
     </span>
     <span class='ocr_line' id='line_1_8' title="bbox 146 1225 1062 1312; baseline 0.003 -24"><span class='ocrx_word' id='word_1_42' title='bbox 146 1225 334 1308; x_wconf 77' lang='lat' dir='ltr'><strong>corporibus</strong></span> <span class='ocrx_word' id='word_1_43' title='bbox 356 1225 499 1304; x_wconf 83' lang='lat' dir='ltr'><strong>faciunt,</strong></span> <span class='ocrx_word' id='word_1_44' title='bbox 522 1245 627 1310; x_wconf 89' lang='lat' dir='ltr'><strong>neque</strong></span> <span class='ocrx_word' id='word_1_45' title='bbox 648 1248 786 1312; x_wconf 84' lang='lat' dir='ltr'><strong>pausam</strong></span> <span class='ocrx_word' id='word_1_46' title='bbox 810 1235 896 1294; x_wconf 91' lang='lat' dir='ltr'><strong>stare</strong></span> <span class='ocrx_word' id='word_1_47' title='bbox 919 1226 1062 1308; x_wconf 84' lang='lat' dir='ltr'><strong>fragori,</strong></span> 
     </span>
     <span class='ocr_line' id='line_1_9' title="bbox 145 1340 1150 1422; baseline 0.001 -21"><span class='ocrx_word' id='word_1_48' title='bbox 145 1358 206 1402; x_wconf 89' lang='lat' dir='ltr'><strong>nec</strong></span> <span class='ocrx_word' id='word_1_49' title='bbox 228 1359 376 1422; x_wconf 87' lang='lat' dir='ltr'><strong>prorsum</strong></span> <span class='ocrx_word' id='word_1_50' title='bbox 397 1341 430 1403; x_wconf 92' lang='lat' dir='ltr'><strong>in</strong></span> <span class='ocrx_word' id='word_1_51' title='bbox 453 1341 550 1405; x_wconf 88' lang='lat' dir='ltr'><strong>rebus</strong></span> <span class='ocrx_word' id='word_1_52' title='bbox 571 1342 736 1406; x_wconf 90' lang='lat' dir='ltr'><strong>minimum</strong></span> <span class='ocrx_word' id='word_1_53' title='bbox 759 1343 935 1408; x_wconf 77' lang='lat' dir='ltr'><strong>consistere</strong></span> <span class='ocrx_word' id='word_1_54' title='bbox 958 1340 1150 1422; x_wconf 79' lang='lat' dir='ltr'><strong>quicquam3</strong></span> 
     </span>
     <span class='ocr_line' id='line_1_10' title="bbox 86 1445 1021 1536; baseline 0 -20"><span class='ocrx_word' id='word_1_55' title='bbox 86 1445 89 1456; x_wconf 59' lang='lat'><strong>¹</strong></span> <span class='ocrx_word' id='word_1_56' title='bbox 146 1472 218 1516; x_wconf 89' lang='lat' dir='ltr'><strong>curn</strong></span> <span class='ocrx_word' id='word_1_57' title='bbox 241 1452 409 1518; x_wconf 87' lang='lat' dir='ltr'><strong>videamus</strong></span> <span class='ocrx_word' id='word_1_58' title='bbox 432 1453 465 1518; x_wconf 91' lang='lat' dir='ltr'><strong>id</strong></span> <span class='ocrx_word' id='word_1_59' title='bbox 490 1461 667 1520; x_wconf 84' lang='lat' dir='ltr'><strong>extremum</strong></span> <span class='ocrx_word' id='word_1_60' title='bbox 690 1455 844 1536; x_wconf 89' lang='lat' dir='ltr'><strong>cuiusque</strong></span> <span class='ocrx_word' id='word_1_61' title='bbox 867 1473 1021 1518; x_wconf 86' lang='lat' dir='ltr'><strong>cacumen</strong></span> 
     </span>
     <span class='ocr_line' id='line_1_11' title="bbox 66 1567 1126 1650; baseline 0.001 -20"><span class='ocrx_word' id='word_1_62' title='bbox 66 1585 120 1632; x_wconf 80' lang='lat' dir='ltr'><strong>rso</strong></span> <span class='ocrx_word' id='word_1_63' title='bbox 147 1583 220 1630; x_wconf 87' lang='lat' dir='ltr'><strong>esse</strong></span> <span class='ocrx_word' id='word_1_64' title='bbox 244 1567 328 1646; x_wconf 86' lang='lat' dir='ltr'><strong>quod</strong></span> <span class='ocrx_word' id='word_1_65' title='bbox 351 1567 395 1630; x_wconf 87' lang='lat' dir='ltr'><strong>ad</strong></span> <span class='ocrx_word' id='word_1_66' title='bbox 418 1587 531 1632; x_wconf 84' lang='lat' dir='ltr'><strong>sensus</strong></span> <span class='ocrx_word' id='word_1_67' title='bbox 553 1573 680 1632; x_wconf 89' lang='lat' dir='ltr'><strong>nostros</strong></span> <span class='ocrx_word' id='word_1_68' title='bbox 703 1569 866 1632; x_wconf 91' lang='lat' dir='ltr'><strong>minimum</strong></span> <span class='ocrx_word' id='word_1_69' title='bbox 889 1587 961 1633; x_wconf 89' lang='lat' dir='ltr'><strong>esse</strong></span> <span class='ocrx_word' id='word_1_70' title='bbox 983 1567 1126 1650; x_wconf 87' lang='lat' dir='ltr'><strong>videtur,</strong></span> 
     </span>
     <span class='ocr_line' id='line_1_12' title="bbox 147 1678 1084 1764; baseline 0.005 -24"><span class='ocrx_word' id='word_1_71' title='bbox 147 1678 292 1743; x_wconf 89' lang='lat' dir='ltr'><strong>conicere</strong></span> <span class='ocrx_word' id='word_1_72' title='bbox 314 1686 349 1742; x_wconf 91' lang='lat' dir='ltr'><strong>ut</strong></span> <span class='ocrx_word' id='word_1_73' title='bbox 371 1681 476 1762; x_wconf 86' lang='lat' dir='ltr'><strong>possis</strong></span> <span class='ocrx_word' id='word_1_74' title='bbox 499 1702 539 1744; x_wconf 85' lang='lat' dir='ltr'><strong>ex</strong></span> <span class='ocrx_word' id='word_1_75' title='bbox 561 1683 641 1764; x_wconf 89' lang='lat' dir='ltr'><strong>hoc,</strong></span> <span class='ocrx_word' id='word_1_76' title='bbox 666 1701 750 1764; x_wconf 89' lang='lat' dir='ltr'><strong>quae</strong></span> <span class='ocrx_word' id='word_1_77' title='bbox 773 1701 902 1748; x_wconf 89' lang='lat' dir='ltr'><strong>cernere</strong></span> <span class='ocrx_word' id='word_1_78' title='bbox 925 1702 990 1748; x_wconf 91' lang='lat' dir='ltr'><strong>nou</strong></span> <span class='ocrx_word' id='word_1_79' title='bbox 1013 1682 1084 1764; x_wconf 87' lang='lat' dir='ltr'><strong>quis</strong></span> 
     </span>
     <span class='ocr_line' id='line_1_13' title="bbox 148 1793 1164 1880; baseline 0.006 -26"><span class='ocrx_word' id='word_1_80' title='bbox 148 1796 322 1856; x_wconf 85' lang='lat' dir='ltr'><strong>extremum</strong></span> <span class='ocrx_word' id='word_1_81' title='bbox 343 1793 429 1876; x_wconf 92' lang='lat' dir='ltr'><strong>quod</strong></span> <span class='ocrx_word' id='word_1_82' title='bbox 452 1793 590 1878; x_wconf 88' lang='lat' dir='ltr'><strong>habent,</strong></span> <span class='ocrx_word' id='word_1_83' title='bbox 613 1795 778 1860; x_wconf 90' lang='lat' dir='ltr'><strong>minimum</strong></span> <span class='ocrx_word' id='word_1_84' title='bbox 799 1796 976 1862; x_wconf 83' lang='lat' dir='ltr'><strong>consistere</strong></span> <span class='ocrx_word' id='word_1_85' title='bbox 998 1817 1164 1880; x_wconf 90' lang='lat' dir='ltr'><strong>prorsum.</strong></span> 
     </span>
     <span class='ocr_line' id='line_1_14' title="bbox 54 1903 967 1994; baseline 0.009 -29"><span class='ocrx_word' id='word_1_86' title='bbox 54 1985 59 1994; x_wconf 33' lang='grc' dir='ltr'>Ι</span> <span class='ocrx_word' id='word_1_87' title='bbox 147 1903 210 1968; x_wconf 90' lang='lat' dir='ltr'><strong>huc</strong></span> <span class='ocrx_word' id='word_1_88' title='bbox 232 1907 358 1973; x_wconf 90' lang='lat' dir='ltr'><strong>accedit</strong></span> <span class='ocrx_word' id='word_1_89' title='bbox 380 1909 465 1984; x_wconf 90' lang='lat' dir='ltr'><strong>utei‚</strong></span> <span class='ocrx_word' id='word_1_90' title='bbox 489 1909 641 1990; x_wconf 87' lang='lat' dir='ltr'><strong>quoniam</strong></span> <span class='ocrx_word' id='word_1_91' title='bbox 663 1908 841 1992; x_wconf 88' lang='lat' dir='ltr'><strong>primordia</strong></span> <span class='ocrx_word' id='word_1_92' title='bbox 861 1930 967 1976; x_wconf 86' lang='lat' dir='ltr'><strong>rerum</strong></span> 
     </span>
     <span class='ocr_line' id='line_1_15' title="bbox 145 2018 986 2106; baseline 0.012 -26"><span class='ocrx_word' id='word_1_93' title='bbox 145 2018 257 2084; x_wconf 89' lang='lat' dir='ltr'><strong>mollia</strong></span> <span class='ocrx_word' id='word_1_94' title='bbox 280 2021 493 2106; x_wconf 87' lang='lat' dir='ltr'><strong>constituunt,</strong></span> <span class='ocrx_word' id='word_1_95' title='bbox 518 2043 602 2106; x_wconf 89' lang='lat' dir='ltr'><strong>quae</strong></span> <span class='ocrx_word' id='word_1_96' title='bbox 625 2043 684 2088; x_wconf 93' lang='lat' dir='ltr'><strong>nos</strong></span> <span class='ocrx_word' id='word_1_97' title='bbox 707 2025 819 2089; x_wconf 90' lang='lat' dir='ltr'><strong>nativa</strong></span> <span class='ocrx_word' id='word_1_98' title='bbox 841 2025 986 2090; x_wconf 90' lang='lat' dir='ltr'><strong>videmus</strong></span> 
     </span>
     <span class='ocr_line' id='line_1_16' title="bbox 66 2137 986 2220; baseline 0.004 -22"><span class='ocrx_word' id='word_1_99' title='bbox 66 2154 120 2199; x_wconf 77' lang='lat' dir='ltr'><strong>ros</strong></span> <span class='ocrx_word' id='word_1_100' title='bbox 146 2152 218 2199; x_wconf 90' lang='lat' dir='ltr'><strong>esse</strong></span> <span class='ocrx_word' id='word_1_101' title='bbox 241 2141 273 2198; x_wconf 91' lang='lat' dir='ltr'><strong>et</strong></span> <span class='ocrx_word' id='word_1_102' title='bbox 294 2137 422 2201; x_wconf 86' lang='lat' dir='ltr'><strong>mortali</strong></span> <span class='ocrx_word' id='word_1_103' title='bbox 446 2157 517 2200; x_wconf 91' lang='lat' dir='ltr'><strong>curn</strong></span> <span class='ocrx_word' id='word_1_104' title='bbox 539 2156 694 2220; x_wconf 82' lang='lat' dir='ltr'><strong>corpore,</strong></span> <span class='ocrx_word' id='word_1_105' title='bbox 718 2137 861 2202; x_wconf 81' lang='lat' dir='ltr'><strong>funditus</strong></span> <span class='ocrx_word' id='word_1_106' title='bbox 885 2158 986 2220; x_wconf 88' lang='lat' dir='ltr'><strong>usque</strong></span> 
     </span>
     <span class='ocr_line' id='line_1_17' title="bbox 146 2247 1008 2318; baseline 0.006 -8"><span class='ocrx_word' id='word_1_107' title='bbox 146 2247 263 2313; x_wconf 91' lang='lat' dir='ltr'><strong>debeat</strong></span> <span class='ocrx_word' id='word_1_108' title='bbox 285 2247 328 2312; x_wconf 90' lang='lat' dir='ltr'><strong>ad</strong></span> <span class='ocrx_word' id='word_1_109' title='bbox 349 2249 449 2313; x_wconf 89' lang='lat' dir='ltr'><strong>nilum</strong></span> <span class='ocrx_word' id='word_1_110' title='bbox 473 2250 538 2314; x_wconf 93' lang='lat' dir='ltr'><strong>iam</strong></span> <span class='ocrx_word' id='word_1_111' title='bbox 560 2271 666 2316; x_wconf 92' lang='lat' dir='ltr'><strong>rerum</strong></span> <span class='ocrx_word' id='word_1_112' title='bbox 688 2270 814 2316; x_wconf 93' lang='lat' dir='ltr'><strong>summa</strong></span> <span class='ocrx_word' id='word_1_113' title='bbox 836 2252 952 2318; x_wconf 83' lang='lat' dir='ltr'><strong>reverti</strong></span> <span class='ocrx_word' id='word_1_114' title='bbox 1006 2299 1008 2304; x_wconf 67' lang='lat'>,</span> 
     </span>
     <span class='ocr_line' id='line_1_18' title="bbox 145 2361 928 2450; baseline 0.006 -25"><span class='ocrx_word' id='word_1_115' title='bbox 145 2361 185 2426; x_wconf 90' lang='lat' dir='ltr'><strong>de</strong></span> <span class='ocrx_word' id='word_1_116' title='bbox 206 2363 337 2444; x_wconf 88' lang='lat' dir='ltr'><strong>niloque</strong></span> <span class='ocrx_word' id='word_1_117' title='bbox 360 2370 476 2428; x_wconf 90' lang='lat' dir='ltr'><strong>renata</strong></span> <span class='ocrx_word' id='word_1_118' title='bbox 498 2365 661 2448; x_wconf 85' lang='lat' dir='ltr'><strong>vigescere</strong></span> <span class='ocrx_word' id='word_1_119' title='bbox 685 2367 780 2448; x_wconf 91' lang='lat' dir='ltr'><strong>eopia</strong></span> <span class='ocrx_word' id='word_1_120' title='bbox 802 2386 928 2450; x_wconf 77' lang='lat' dir='ltr'><strong>rerum3</strong></span> 
     </span>
     <span class='ocr_line' id='line_1_19' title="bbox 145 2479 1095 2559; baseline -0.001 -20"><span class='ocrx_word' id='word_1_121' title='bbox 145 2497 278 2558; x_wconf 91' lang='lat' dir='ltr'><strong>quorum</strong></span> <span class='ocrx_word' id='word_1_122' title='bbox 300 2483 469 2559; x_wconf 86' lang='lat' dir='ltr'><strong>utrumque</strong></span> <span class='ocrx_word' id='word_1_123' title='bbox 492 2479 568 2558; x_wconf 85' lang='lat' dir='ltr'><strong>quid</strong></span> <span class='ocrx_word' id='word_1_124' title='bbox 591 2499 613 2541; x_wconf 92' lang='lat' dir='ltr'><strong>a</strong></span> <span class='ocrx_word' id='word_1_125' title='bbox 635 2499 711 2544; x_wconf 85' lang='lat' dir='ltr'><strong>vero</strong></span> <span class='ocrx_word' id='word_1_126' title='bbox 734 2483 800 2542; x_wconf 92' lang='lat' dir='ltr'><strong>iam</strong></span> <span class='ocrx_word' id='word_1_127' title='bbox 823 2479 919 2544; x_wconf 87' lang='lat' dir='ltr'><strong>distet</strong></span> <span class='ocrx_word' id='word_1_128' title='bbox 941 2480 1095 2544; x_wconf 88' lang='lat' dir='ltr'><strong>habebis.</strong></span> 
     </span>
     <span class='ocr_line' id='line_1_20' title="bbox 145 2589 1035 2674; baseline 0.002 -21"><span class='ocrx_word' id='word_1_129' title='bbox 145 2589 263 2655; x_wconf 89' lang='lat' dir='ltr'><strong>deinde</strong></span> <span class='ocrx_word' id='word_1_130' title='bbox 286 2591 417 2656; x_wconf 90' lang='lat' dir='ltr'><strong>inimica</strong></span> <span class='ocrx_word' id='word_1_131' title='bbox 438 2591 543 2656; x_wconf 90' lang='lat' dir='ltr'><strong>modis</strong></span> <span class='ocrx_word' id='word_1_132' title='bbox 566 2593 674 2656; x_wconf 91' lang='lat' dir='ltr'><strong>multis</strong></span> <span class='ocrx_word' id='word_1_133' title='bbox 697 2598 770 2656; x_wconf 91' lang='lat' dir='ltr'><strong>sunt</strong></span> <span class='ocrx_word' id='word_1_134' title='bbox 793 2599 891 2674; x_wconf 89' lang='lat' dir='ltr'><strong>atque</strong></span> <span class='ocrx_word' id='word_1_135' title='bbox 912 2613 1035 2658; x_wconf 89' lang='lat' dir='ltr'><strong>veneno</strong></span> 
     </span>
     <span class='ocr_line' id='line_1_21' title="bbox 65 2704 1079 2790; baseline -0.001 -19"><span class='ocrx_word' id='word_1_136' title='bbox 65 2725 120 2771; x_wconf 80' lang='lat' dir='ltr'><strong>reo</strong></span> <span class='ocrx_word' id='word_1_137' title='bbox 144 2704 218 2790; x_wconf 88' lang='lat' dir='ltr'><strong>ipsa</strong></span> <span class='ocrx_word' id='word_1_138' title='bbox 241 2704 301 2768; x_wconf 91' lang='lat' dir='ltr'><strong>sibi</strong></span> <span class='ocrx_word' id='word_1_139' title='bbox 324 2705 406 2768; x_wconf 90' lang='lat' dir='ltr'><strong>iuter</strong></span> <span class='ocrx_word' id='word_1_140' title='bbox 430 2725 486 2786; x_wconf 79' lang='lat' dir='ltr'><strong>se3</strong></span> <span class='ocrx_word' id='word_1_141' title='bbox 510 2725 610 2785; x_wconf 88' lang='lat' dir='ltr'><strong>quare</strong></span> <span class='ocrx_word' id='word_1_142' title='bbox 634 2711 691 2768; x_wconf 90' lang='lat' dir='ltr'><strong>aut</strong></span> <span class='ocrx_word' id='word_1_143' title='bbox 712 2725 887 2788; x_wconf 85' lang='lat' dir='ltr'><strong>congressa</strong></span> <span class='ocrx_word' id='word_1_144' title='bbox 909 2706 1079 2790; x_wconf 78' lang='lat' dir='ltr'><strong>peribunt,</strong></span> 
     </span>
     <span class='ocr_line' id='line_1_22' title="bbox 146 2817 864 2903; baseline 0.004 -21"><span class='ocrx_word' id='word_1_145' title='bbox 146 2824 203 2882; x_wconf 92' lang='lat' dir='ltr'><strong>aut</strong></span> <span class='ocrx_word' id='word_1_146' title='bbox 225 2817 271 2881; x_wconf 89' lang='lat' dir='ltr'><strong>ita</strong></span> <span class='ocrx_word' id='word_1_147' title='bbox 294 2817 461 2902; x_wconf 83' lang='lat' dir='ltr'><strong>diffugient</strong></span> <span class='ocrx_word' id='word_1_148' title='bbox 482 2825 517 2883; x_wconf 93' lang='lat' dir='ltr'><strong>ut</strong></span> <span class='ocrx_word' id='word_1_149' title='bbox 538 2824 729 2903; x_wconf 86' lang='lat' dir='ltr'><strong>tempestate</strong></span> <span class='ocrx_word' id='word_1_150' title='bbox 750 2826 864 2884; x_wconf 91' lang='lat' dir='ltr'><strong>coacta</strong></span> 
     </span>
     <span class='ocr_line' id='line_1_23' title="bbox 143 2913 1097 3017; baseline 0.009 -21"><span class='ocrx_word' id='word_1_151' title='bbox 143 2931 282 2996; x_wconf 82' lang='lat' dir='ltr'><strong>fulmina</strong></span> <span class='ocrx_word' id='word_1_152' title='bbox 303 2931 458 3016; x_wconf 82' lang='lat' dir='ltr'><strong>diffugere</strong></span> <span class='ocrx_word' id='word_1_153' title='bbox 481 2939 578 3017; x_wconf 91' lang='lat' dir='ltr'><strong>atque</strong></span> <span class='ocrx_word' id='word_1_154' title='bbox 600 2934 710 3000; x_wconf 90' lang='lat' dir='ltr'><strong>imbris</strong></span> <span class='ocrx_word' id='word_1_155' title='bbox 732 2913 910 3017; x_wconf 84' lang='lat' dir='ltr'><strong>ventosque</strong></span> <span class='ocrx_word' id='word_1_156' title='bbox 932 2936 1097 3004; x_wconf 87' lang='lat' dir='ltr'><strong>videmus.</strong></span> 
     </span>
     <span class='ocr_line' id='line_1_24' title="bbox 185 3047 1047 3132; baseline 0.007 -21"><span class='ocrx_word' id='word_1_157' title='bbox 185 3047 334 3131; x_wconf 90' lang='lat' dir='ltr'><strong>Denique</strong></span> <span class='ocrx_word' id='word_1_158' title='bbox 357 3056 505 3132; x_wconf 89' lang='lat' dir='ltr'><strong>quattuor</strong></span> <span class='ocrx_word' id='word_1_159' title='bbox 529 3070 569 3115; x_wconf 82' lang='lat' dir='ltr'><strong>ex</strong></span> <span class='ocrx_word' id='word_1_160' title='bbox 590 3051 687 3116; x_wconf 91' lang='lat' dir='ltr'><strong>rebus</strong></span> <span class='ocrx_word' id='word_1_161' title='bbox 711 3050 737 3114; x_wconf 86' lang='lat' dir='ltr'><strong>si</strong></span> <span class='ocrx_word' id='word_1_162' title='bbox 762 3057 876 3116; x_wconf 88' lang='lat' dir='ltr'><strong>cuncta</strong></span> <span class='ocrx_word' id='word_1_163' title='bbox 899 3059 1047 3117; x_wconf 85' lang='lat' dir='ltr'><strong>creantur</strong></span> 
     </span>
     <span class='ocr_line' id='line_1_25' title="bbox 146 3163 995 3245; baseline 0.002 -17"><span class='ocrx_word' id='word_1_164' title='bbox 146 3169 242 3245; x_wconf 90' lang='lat' dir='ltr'><strong>atque</strong></span> <span class='ocrx_word' id='word_1_165' title='bbox 263 3163 296 3227; x_wconf 91' lang='lat' dir='ltr'><strong>in</strong></span> <span class='ocrx_word' id='word_1_166' title='bbox 319 3183 377 3230; x_wconf 89' lang='lat' dir='ltr'><strong>eas</strong></span> <span class='ocrx_word' id='word_1_167' title='bbox 399 3186 525 3230; x_wconf 91' lang='lat' dir='ltr'><strong>rursum</strong></span> <span class='ocrx_word' id='word_1_168' title='bbox 547 3185 598 3230; x_wconf 89' lang='lat' dir='ltr'><strong>res</strong></span> <span class='ocrx_word' id='word_1_169' title='bbox 621 3165 731 3230; x_wconf 90' lang='lat' dir='ltr'><strong>omnia</strong></span> <span class='ocrx_word' id='word_1_170' title='bbox 754 3165 995 3245; x_wconf 86' lang='lat' dir='ltr'><strong>dissoluuntur,</strong></span> 
     </span>
     <span class='ocr_line' id='line_1_26' title="bbox 65 3278 966 3368; baseline -0.002 -22"><span class='ocrx_word' id='word_1_171' title='bbox 65 3299 119 3346; x_wconf 84' lang='lat'><strong>765</strong></span> <span class='ocrx_word' id='word_1_172' title='bbox 144 3278 199 3359; x_wconf 87' lang='lat' dir='ltr'><strong>qui</strong></span> <span class='ocrx_word' id='word_1_173' title='bbox 222 3279 325 3362; x_wconf 85' lang='lat' dir='ltr'><strong>magis</strong></span> <span class='ocrx_word' id='word_1_174' title='bbox 347 3279 406 3344; x_wconf 90' lang='lat' dir='ltr'><strong>illa</strong></span> <span class='ocrx_word' id='word_1_175' title='bbox 429 3286 549 3361; x_wconf 89' lang='lat' dir='ltr'><strong>queunt</strong></span> <span class='ocrx_word' id='word_1_176' title='bbox 570 3300 676 3344; x_wconf 90' lang='lat' dir='ltr'><strong>rerum</strong></span> <span class='ocrx_word' id='word_1_177' title='bbox 698 3280 875 3368; x_wconf 87' lang='lat' dir='ltr'><strong>primordia</strong></span> <span class='ocrx_word' id='word_1_178' title='bbox 902 3280 966 3344; x_wconf 90' lang='lat' dir='ltr'><strong>diei</strong></span> 
     </span>
     <span class='ocr_line' id='line_1_27' title="bbox 144 3394 929 3477; baseline 0.004 -23"><span class='ocrx_word' id='word_1_179' title='bbox 144 3411 241 3472; x_wconf 88' lang='lat' dir='ltr'><strong>quam</strong></span> <span class='ocrx_word' id='word_1_180' title='bbox 264 3399 376 3457; x_wconf 90' lang='lat' dir='ltr'><strong>contra</strong></span> <span class='ocrx_word' id='word_1_181' title='bbox 397 3413 449 3461; x_wconf 91' lang='lat' dir='ltr'><strong>res</strong></span> <span class='ocrx_word' id='word_1_182' title='bbox 471 3394 599 3460; x_wconf 91' lang='lat' dir='ltr'><strong>illorum</strong></span> <span class='ocrx_word' id='word_1_183' title='bbox 622 3400 773 3476; x_wconf 90' lang='lat' dir='ltr'><strong>retroque</strong></span> <span class='ocrx_word' id='word_1_184' title='bbox 795 3394 929 3477; x_wconf 78' lang='lat' dir='ltr'><strong>putari?</strong></span> 
     </span>
     <span class='ocr_line' id='line_1_28' title="bbox 144 3502 951 3590; baseline 0.004 -23"><span class='ocrx_word' id='word_1_185' title='bbox 144 3502 277 3568; x_wconf 89' lang='lat' dir='ltr'><strong>alteruis</strong></span> <span class='ocrx_word' id='word_1_186' title='bbox 299 3507 471 3590; x_wconf 85' lang='lat' dir='ltr'><strong>gignuntur</strong></span> <span class='ocrx_word' id='word_1_187' title='bbox 494 3509 578 3573; x_wconf 89' lang='lat' dir='ltr'><strong>enim</strong></span> <span class='ocrx_word' id='word_1_188' title='bbox 601 3513 787 3588; x_wconf 90' lang='lat' dir='ltr'><strong>mutantque</strong></span> <span class='ocrx_word' id='word_1_189' title='bbox 811 3508 951 3572; x_wconf 88' lang='lat' dir='ltr'><strong>colorem</strong></span> 
     </span>
     <span class='ocr_line' id='line_1_29' title="bbox 144 3618 992 3705; baseline 0.005 -25"><span class='ocrx_word' id='word_1_190' title='bbox 144 3622 176 3681; x_wconf 92' lang='lat' dir='ltr'><strong>et</strong></span> <span class='ocrx_word' id='word_1_191' title='bbox 196 3621 298 3682; x_wconf 89' lang='lat' dir='ltr'><strong>totam</strong></span> <span class='ocrx_word' id='word_1_192' title='bbox 320 3618 401 3682; x_wconf 87' lang='lat' dir='ltr'><strong>inter</strong></span> <span class='ocrx_word' id='word_1_193' title='bbox 423 3642 458 3687; x_wconf 88' lang='lat' dir='ltr'><strong>se</strong></span> <span class='ocrx_word' id='word_1_194' title='bbox 481 3629 630 3688; x_wconf 91' lang='lat' dir='ltr'><strong>naturam</strong></span> <span class='ocrx_word' id='word_1_195' title='bbox 653 3628 797 3705; x_wconf 90' lang='lat' dir='ltr'><strong>tempore</strong></span> <span class='ocrx_word' id='word_1_196' title='bbox 820 3621 862 3686; x_wconf 91' lang='lat' dir='ltr'><strong>ab</strong></span> <span class='ocrx_word' id='word_1_197' title='bbox 885 3621 992 3687; x_wconf 89' lang='lat' dir='ltr'><strong>omni.</strong></span> 
     </span>
     <span class='ocr_line' id='line_1_30' title="bbox 69 3731 888 3820; baseline 0 -20"><span class='ocrx_word' id='word_1_198' title='bbox 69 3754 119 3800; x_wconf 80' lang='lat' dir='ltr'><strong>rro</strong></span> <span class='ocrx_word' id='word_1_199' title='bbox 144 3731 194 3798; x_wconf 93' lang='lat' dir='ltr'><strong>sin</strong></span> <span class='ocrx_word' id='word_1_200' title='bbox 217 3731 263 3797; x_wconf 94' lang='lat' dir='ltr'><strong>ita</strong></span> <span class='ocrx_word' id='word_1_201' title='bbox 285 3731 366 3796; x_wconf 87' lang='lat' dir='ltr'><strong>forte</strong></span> <span class='ocrx_word' id='word_1_202' title='bbox 389 3741 484 3816; x_wconf 89' lang='lat' dir='ltr'><strong>putas</strong></span> <span class='ocrx_word' id='word_1_203' title='bbox 506 3737 589 3820; x_wconf 83' lang='lat' dir='ltr'><strong>ignis</strong></span> <span class='ocrx_word' id='word_1_204' title='bbox 611 3743 779 3818; x_wconf 86' lang='lat' dir='ltr'><strong>terraeque</strong></span> <span class='ocrx_word' id='word_1_205' title='bbox 802 3735 888 3802; x_wconf 88' lang='lat' dir='ltr'><strong>coire</strong></span> 
     </span>
     <span class='ocr_line' id='line_1_31' title="bbox 144 3848 936 3935; baseline 0.005 -23"><span class='ocrx_word' id='word_1_206' title='bbox 144 3866 261 3932; x_wconf 91' lang='lat' dir='ltr'><strong>corpus</strong></span> <span class='ocrx_word' id='word_1_207' title='bbox 285 3853 317 3912; x_wconf 90' lang='lat' dir='ltr'><strong>et</strong></span> <span class='ocrx_word' id='word_1_208' title='bbox 340 3848 446 3914; x_wconf 70' lang='lat' dir='ltr'><strong>aerias</strong></span> <span class='ocrx_word' id='word_1_209' title='bbox 468 3870 565 3916; x_wconf 90' lang='lat' dir='ltr'><strong>auras</strong></span> <span class='ocrx_word' id='word_1_210' title='bbox 587 3871 756 3934; x_wconf 90' lang='lat' dir='ltr'><strong>roremque</strong></span> <span class='ocrx_word' id='word_1_211' title='bbox 782 3850 936 3935; x_wconf 84' lang='lat' dir='ltr'><strong>liquoris,</strong></span> 
     </span>
    </p>
   </div>
   <div class='ocr_carea' id='block_1_3' title="bbox 145 4029 347 4040">
    <p class='ocr_par' dir='ltr' id='par_1_3' title="bbox 145 4029 347 4040">
     <span class='ocr_line' id='line_1_32' title="bbox 145 4029 347 4040; baseline 0.01 -2"><span class='ocrx_word' id='word_1_212' title='bbox 145 4029 347 4040; x_wconf 64' lang='grc'><em>-----....-,-.</em></span> 
     </span>
    </p>
   </div>
   <div class='ocr_carea' id='block_1_4' title="bbox 143 4148 1271 4396">
    <p class='ocr_par' dir='ltr' id='par_1_4' title="bbox 143 4148 1271 4396">
     <span class='ocr_line' id='line_1_33' title="bbox 146 4148 1271 4222; baseline 0.007 -26"><span class='ocrx_word' id='word_1_213' title='bbox 146 4151 193 4198; x_wconf 96' lang='grc'><strong>741</strong></span> <span class='ocrx_word' id='word_1_214' title='bbox 215 4165 308 4200; x_wconf 85' lang='lat' dir='ltr'><strong>causa.</strong></span> <span class='ocrx_word' id='word_1_215' title='bbox 330 4149 344 4219; x_wconf 79' lang='grc' dir='ltr'>Η</span> <span class='ocrx_word' id='word_1_216' title='bbox 366 4153 416 4200; x_wconf 89' lang='grc'><strong>744</strong></span> <span class='ocrx_word' id='word_1_217' title='bbox 435 4149 532 4213; x_wconf 79' lang='lat' dir='ltr'><strong>frugis.</strong></span> <span class='ocrx_word' id='word_1_218' title='bbox 553 4148 567 4218; x_wconf 83' lang='grc' dir='ltr'><strong>ΙΙ</strong></span> <span class='ocrx_word' id='word_1_219' title='bbox 589 4154 637 4200; x_wconf 87' lang='grc'><strong>747</strong></span> <span class='ocrx_word' id='word_1_220' title='bbox 658 4151 753 4203; x_wconf 83' lang='lat' dir='ltr'><strong>sacient</strong></span> <span class='ocrx_word' id='word_1_221' title='bbox 774 4152 786 4222; x_wconf 76' lang='grc' dir='ltr'><em>Η</em></span> <span class='ocrx_word' id='word_1_222' title='bbox 809 4158 857 4206; x_wconf 86' lang='grc'><strong>748</strong></span> <span class='ocrx_word' id='word_1_223' title='bbox 877 4155 938 4216; x_wconf 89' lang='lat' dir='ltr'><strong>qui.</strong></span> <span class='ocrx_word' id='word_1_224' title='bbox 959 4150 973 4222; x_wconf 76' lang='grc' dir='ltr'><strong>ΙΙ</strong></span> <span class='ocrx_word' id='word_1_225' title='bbox 994 4155 1043 4202; x_wconf 82' lang='grc'><strong>752</strong></span> <span class='ocrx_word' id='word_1_226' title='bbox 1062 4167 1179 4216; x_wconf 88' lang='lat' dir='ltr'><strong>prorsum</strong></span> <span class='ocrx_word' id='word_1_227' title='bbox 1194 4155 1271 4204; x_wconf 74' lang='lat' dir='ltr'><strong>omic-</strong></span> 
     </span>
     <span class='ocr_line' id='line_1_34' title="bbox 143 4234 1269 4317; baseline 0.006 -31"><span class='ocrx_word' id='word_1_228' title='bbox 143 4253 217 4288; x_wconf 78' lang='lat' dir='ltr'><strong>rum.</strong></span> <span class='ocrx_word' id='word_1_229' title='bbox 238 4234 252 4305; x_wconf 79' lang='grc' dir='ltr'><strong>ΙΙ</strong></span> <span class='ocrx_word' id='word_1_230' title='bbox 273 4239 323 4287; x_wconf 81' lang='grc'><strong>758</strong></span> <span class='ocrx_word' id='word_1_231' title='bbox 343 4238 438 4288; x_wconf 85' lang='lat' dir='ltr'><strong>accidit</strong></span> <span class='ocrx_word' id='word_1_232' title='bbox 455 4238 516 4288; x_wconf 86' lang='lat' dir='ltr'><strong>item</strong></span> <span class='ocrx_word' id='word_1_233' title='bbox 537 4236 549 4308; x_wconf 71' lang='grc' dir='ltr'>Η</span> <span class='ocrx_word' id='word_1_234' title='bbox 578 4240 626 4290; x_wconf 90' lang='grc'><strong>755</strong></span> <span class='ocrx_word' id='word_1_235' title='bbox 646 4240 735 4302; x_wconf 87' lang='lat' dir='ltr'><strong>utqui.</strong></span> <span class='ocrx_word' id='word_1_236' title='bbox 757 4238 769 4317; x_wconf 74' lang='grc' dir='ltr'>Η</span> <span class='ocrx_word' id='word_1_237' title='bbox 797 4245 846 4292; x_wconf 87' lang='grc'><strong>758</strong></span> <span class='ocrx_word' id='word_1_238' title='bbox 865 4242 960 4295; x_wconf 85' lang='lat' dir='ltr'><strong>habes.</strong></span> <span class='ocrx_word' id='word_1_239' title='bbox 980 4241 993 4308; x_wconf 72' lang='grc' dir='ltr'><strong>ΙΙ</strong></span> <span class='ocrx_word' id='word_1_240' title='bbox 1020 4243 1068 4290; x_wconf 89' lang='grc'><strong>759</strong></span> <span class='ocrx_word' id='word_1_241' title='bbox 1088 4255 1166 4289; x_wconf 88' lang='lat' dir='ltr'><strong>vene.</strong></span> <span class='ocrx_word' id='word_1_242' title='bbox 1187 4237 1199 4316; x_wconf 71' lang='grc' dir='ltr'>Η</span> <span class='ocrx_word' id='word_1_243' title='bbox 1222 4244 1269 4294; x_wconf 85' lang='grc'><strong>767</strong></span> 
     </span>
     <span class='ocr_line' id='line_1_35' title="bbox 144 4322 448 4396; baseline 0.01 -22"><span class='ocrx_word' id='word_1_244' title='bbox 144 4323 247 4378; x_wconf 80' lang='lat' dir='ltr'><strong>Aternia</strong></span> <span class='ocrx_word' id='word_1_245' title='bbox 267 4322 279 4396; x_wconf 78' lang='grc' dir='ltr'>Η</span> <span class='ocrx_word' id='word_1_246' title='bbox 303 4327 448 4377; x_wconf 71' lang='lat'><strong>7692762.</strong></span> 
     </span>
    </p>
   </div>
   <div class='ocr_carea' id='block_1_5' title="bbox 0 0 1622 5020">
    <p class='ocr_par' dir='ltr' id='par_1_5' title="bbox 0 0 1622 5020">
     <span class='ocr_line' id='line_1_36' title="bbox 0 0 1622 5020; baseline 0 0"><span class='ocrx_word' id='word_1_247' title='bbox 0 0 1622 5020; x_wconf 95' lang='lat' dir='ltr'><strong> </strong></span> 
     </span>
    </p>
   </div>
  </div>
 </body>
</html>
