3266 4994
357 385 417 448 178
904 383 931 445 V

345 551 459 633 etqui
482 525 595 615 6616161
617 551 733 631 gelidis
757 572 777 616 6
798 550 927 635 frigoris
950 553 1069 618 umbris

354 665 520 730 aestiferas
542 685 643 749 usque
666 667 698 730 in
721 667 820 749 partis
843 672 874 731 et
896 667 1021 732 fervida
1044 669 1157 750 signe..

355 787 386 844 et
407 781 529 845 ratione
559 782 631 865 pari
659 783 765 846 166666
793 782 969 863 stellasque
998 783 1222 867 putandumst,

354 913 435 974 quae
457 896 588 959 volvunt
610 915 744 978 magnos
767 897 799 958 16
822 898 950 981 magnis
974 899 1103 963 orbibus
1126 918 1249 973 annos,

279 1028 328 1074 665
353 1008 479 1074 aeribus
502 1028 597 1092 posse
620 1010 751 1074 61166616
775 1030 793 1074 6
816 1011 962 1094 partibus
984 1011 1053 1076 ire,

353 1144 460 1188 nonne
484 1123 574 1189 vides
596 1123 692 1188 etiam
714 1124 849 1189 diversis
870 1125 982 1188 nubila
1005 1126 1107 1189 ventis

354 1237 498 1302 diversas
520 1238 567 1302 ire
590 1237 623 1301 in
645 1239 745 1321 partis
767 1238 894 1304 inferna
916 1239 1092 1323 supernis?

355 1352 410 1432 qui
433 1353 536 1416 minus
557 1352 615 1416 1116
639 1357 756 1434 queant
777 1371 835 1435 per
857 1373 990 1435 magnos
1014 1353 1152 1418 aetheris
1175 1353 1263 1418 orbis

351 1467 494 1532 aestibus
517 1467 600 1532 inter
622 1486 656 1532 se
680 1466 814 1532 diversis
836 1466 945 1531 sidera
968 1467 1073 1532 ferri?

277 1603 327 1650 656
395 1584 436 1646 At
458 1602 522 1647 nox
546 1581 649 1645 obruit
670 1581 793 1662 ingenti
816 1582 953 1665 ealigine
976 1589 1096 1665 terras,

352 1702 408 1760 aut
430 1696 484 1760 ubi
508 1694 549 1760 de
570 1697 668 1776 longo
692 1716 786 1761 eursu
809 1698 858 1761 661
881 1697 992 1760 ultime
1014 1698 1097 1760 eaeli

351 1810 477 1893 impulit
499 1815 595 1890 atque
619 1831 694 1874 suos
718 1811 839 1875 efflavit
860 1810 1035 1893 languidus
1057 1811 1141 1890 ignis

351 1942 525 1988 666666666
546 1925 625 1988 11666
649 1930 680 1988 61
702 1924 882 1990 labefactos
905 1933 978 1989 6666
1001 1926 1121 2008 multo,

352 2043 407 2101 ant
430 2038 507 2118 quia
529 2038 587 2102 sub
611 2045 712 2102 166666
735 2058 862 2103 sursum
886 2043 1071 2103 convortere
1094 2039 1180 2118 cogit
1214 2083 1220 2102 .

278 2171 327 2217 666
352 2151 400 2216 616
424 2151 559 2228 eadem,
576 2172 673 2236 supra
696 2172 780 2232 quae
803 2160 906 2218 166666
929 2153 1056 2235 pertulit
1079 2153 1210 2218 orbem.

390 2267 550 2349 Tempore
573 2267 647 2331 item
672 2273 756 2330 66616
780 2287 907 2331 roseam
931 2267 1053 2330 Matuta
1076 2287 1134 2351 per
1156 2288 1230 2333 6666

353 2378 493 2444 aetheris
516 2399 664 2444 auroram
688 2380 793 2446 differt
816 2388 848 2446 et
869 2381 1148 2466 luminapandit,

352 2500 406 2558 aut
430 2495 504 2574 quia
527 2495 575 2559 sol
598 2495 703 2579 idem,
721 2497 779 2560 sub
802 2497 977 2562 terrasilis
1001 2502 1187 2576 666661666,

350 2608 502 2689 antieipat
526 2610 647 2673 6661666
661 2609 770 2704 ο6661116
794 2609 969 2676 ascendere
992 2615 1176 2692 temptans,

276 2742 326 2788 666
352 2727 407 2786 661
431 2722 506 2803 quia
529 2724 722 2788 6666661661
743 2725 835 2807 ignes
858 2731 890 2788 et
912 2725 1037 2788 semina
1059 2724 1160 2786 multa

350 2835 509 2900 confluere
532 2836 658 2903 ardoris
681 2845 873 2903 6666666661
891 2845 1038 2922 tempore
1061 2845 1168 2914 66616,

350 2969 432 3027 quae
454 2948 574 3013 1661661
597 2952 675 3016 66116
698 2973 788 3028 6666
806 2972 931 3035 semper
954 2952 1075 3016 1666166
1098 2952 1208 3034 gigni;

353 3060 439 3141 quod
461 3039 563 3144 genus
586 3064 694 3128 Idaeis
718 3065 804 3130 fama
828 3072 916 3131 este
939 3067 1099 3130 montibus
1123 3067 1197 3130 61116

349 3174 513 3258 dispersos
535 3177 618 3260 ignis
642 3178 755 3242 orienti
778 3179 898 3245 1666166
922 3181 1028 3262 66661,

275 3307 325 3353 665
351 3287 425 3353 inde
450 3291 534 3354 66166
557 3291 685 3372 globum
710 3294 800 3375 quasi
823 3295 856 3358 in
879 3316 975 3358 unum
999 3299 1030 3357 et
1052 3292 1208 3356 eonfieere
1231 3275 1360 3356 orbem.

350 3410 538 3469 nontamen
561 3406 641 3469 illud
664 3407 696 3470 in
720 3407 769 3472 his
793 3410 888 3474 rebus
911 3407 1057 3471 mirabile
1081 3406 1177 3472 debet

348 3537 422 3584 esse
437 3568 444 3602 ‚
462 3519 548 3600 qnod
571 3519 652 3586 haee
674 3521 758 3602 ignis
780 3529 843 3586 tam
868 3529 955 3589 66616
978 3528 1122 3606 tempore
1144 3529 1279 3604 possunt

349 3633 474 3696 semina
497 3633 656 3698 confluere
680 3641 711 3701 et
734 3636 811 3700 solis
835 3655 986 3719 reparare
1009 3636 1164 3700 nitorem.

348 3745 446 3808 multa
467 3745 611 3814 videmus
635 3750 739 3822 enim,
758 3755 842 3814 66616
868 3769 950 3830 quae
973 3755 1116 3830 tempore
1138 3750 1218 3812 11661

272 3877 322 3936 666
349 3859 497 3924 omnibus
519 3860 551 3924 in
573 3863 688 3928 rebus.
704 3863 877 3927 florescunt
899 3870 1041 3944 tempore
1065 3869 1149 3928 66616

347 3973 481 4038 arbusta
503 3979 641 4040 6166616
665 3975 825 4039 dimittunt
847 3983 990 4058 tempore
1012 3975 1143 4042 florem:

347 4247 460 4295 6486116
485 4245 498 4311 Η
525 4246 688 4294 6516611666
714 4240 728 4312 11
755 4248 805 4295 664
825 4255 977 4302 6666661666
997 4245 1010 4314 Η
1037 4251 1086 4297 656
1106 4262 1179 4296 66666
1197 4255 1297 4295 motura
1317 4248 1329 4312 11
1356 4245 1474 4317 661611

349 4334 398 4379 661
419 4333 515 4394 possit.
