3236 5020
328 377 366 438 10
878 371 891 436 l

324 563 407 623 quae
430 563 489 606 nos
513 543 669 606 fecundas
692 551 850 608 vertentes
873 563 1001 608 vomuere
1025 547 1139 624 glebas

323 657 485 737 terraique
508 657 610 720 solum
634 657 816 740 subigentes
840 657 939 722 oiruus
966 659 1008 722 ad
1031 667 1137 722 ortus:

323 769 458 852 quodsi
482 770 572 832 nulla
595 769 718 846 forent,
742 779 849 836 nostro
873 773 941 836 sino
965 793 1111 854 quaeque
1132 774 1242 836 labore

324 892 436 966 sponte
459 903 518 947 sua
534 884 636 947 'multo
661 884 727 948 lieri
751 886 885 949 meliora
907 886 1052 951 videres.

250 1018 300 1063 aro
367 997 438 1064 Hue
460 999 584 1065 accedit
605 1001 650 1063 uti
674 999 810 1081 quicque
832 1001 865 1063 iu
889 1022 948 1065 sua
971 1021 1105 1084 corpora
1128 1022 1250 1064 rursum

325 1111 482 1178 dissoluat
503 1122 615 1178 natura
639 1133 744 1194 neque
768 1115 809 1177 ad
834 1116 931 1178 nilum
955 1117 1121 1180 interemat
1143 1135 1214 1179 res.

327 1248 399 1290 nam
423 1227 527 1308 siquid
550 1227 683 1292 mortale
706 1247 723 1291 e
747 1228 869 1291 cunctis
892 1228 1033 1311 partibus
1057 1236 1160 1306 esset,

326 1362 365 1404 ex
388 1341 488 1406 oeulis
511 1362 562 1405 res
586 1359 733 1422 quaeque
756 1347 884 1422 repente
908 1348 1017 1425 erepta
1040 1344 1178 1424 periret:

326 1454 414 1519 nulla
437 1456 467 1518 vi
490 1455 570 1519 soret
593 1475 671 1518 usus
694 1454 799 1537 enim,
824 1475 907 1536 quae
930 1457 1074 1539 partibus
1096 1458 1166 1521 eius

253 1593 303 1636 220
328 1571 494 1635 discidium
518 1588 632 1653 parere
655 1574 687 1633 et
709 1588 811 1633 nexus
835 1570 1002 1635 exsolvere
1025 1579 1152 1654 posset.

327 1686 412 1765 quod
435 1704 538 1758 nunc,
563 1690 692 1747 aeterno
715 1683 789 1766 quia
811 1691 956 1749 constant
979 1688 1099 1751 semino
1123 1707 1290 1770 quaeque,

326 1799 430 1862 donec
453 1799 501 1862 vis
525 1798 621 1874 obiit,
646 1815 727 1877 quae
751 1817 802 1862 res
825 1799 1004 1864 diverberet
1027 1802 1091 1864 ictu

325 1921 380 1976 aut
401 1914 485 1977 intus
508 1918 651 1997 penetret
672 1931 730 1994 per
751 1911 860 1976 inania
883 1915 1119 1996 dissolualque,

328 2027 446 2092 nullius
470 2029 597 2091 exitium
621 2026 738 2110 patitur
761 2033 875 2092 natura
896 2028 1014 2092 videri.

253 2163 302 2208 220
329 2149 494 2224 praeterea
517 2160 598 2221 quae
621 2160 755 2222 eumque
778 2149 933 2206 vetustate
956 2148 1081 2206 amovet
1103 2145 1215 2214 aetas,

326 2257 351 2319 si
376 2256 501 2340 penitus
524 2255 659 2340 peremit
681 2276 871 2321 consumens
895 2255 1059 2318 materiem
1083 2273 1230 2328 onmem,

327 2371 411 2434 unde
434 2371 572 2436 animale
595 2390 697 2452 genus
720 2369 893 2452 generatim
907 2369 950 2433 in
973 2370 1094 2434 luuuna
1115 2371 1200 2434 vitae

266 2497 270 2504 '
324 2486 468 2550 redducit
490 2486 621 2569 Venus,
645 2492 700 2549 aut
723 2483 908 2550 redductum
934 2484 1073 2551 daedala
1098 2485 1193 2551 tellus

326 2601 411 2665 unde
434 2600 490 2664 alit
512 2608 608 2683 atque
631 2607 727 2682 auget
750 2600 924 2685 generatim
948 2602 1069 2685 pabula
1092 2601 1274 2684 praebens?

255 2737 305 2780 230
329 2715 413 2778 uude
436 2735 544 2793 mare,
567 2716 716 2797 ingenuei
739 2718 864 2792 tontes,
889 2725 1077 2798 extentaque
1099 2716 1197 2798 longe

327 2830 459 2894 flumina
483 2831 713 2915 suppeditant?
736 2832 820 2895 unde
844 2831 954 2895 aether
977 2832 1083 2895 sidera
1106 2831 1234 2914 pascit?

331 2949 437 3011 onmia
459 2948 541 3012 enirn
566 2946 680 3028 debet,
705 2946 830 3008 mortali
854 2965 985 3029 corpore
1008 2964 1090 3026 quae
1114 2951 1207 3025 sunt,

329 3063 451 3128 infinita
474 3069 562 3126 aetas
585 3052 775 3143 consumpse
798 3067 871 3124 aute
894 3066 966 3122 aeta
989 3059 1143 3137 diesque.

329 3176 414 3258 quod
438 3177 464 3242 si
485 3178 519 3240 iu
543 3197 580 3239 eo
603 3176 706 3259 spatio
730 3179 825 3256 atque
848 3180 922 3237 aute
945 3178 1016 3238 aeta
1040 3175 1145 3235 aetate
1167 3168 1256 3231 fuer-a

257 3314 307 3360 230
333 3312 351 3357 0
374 3292 488 3373 quibus
511 3292 592 3356 haec
615 3311 716 3354 rerum
741 3288 885 3355 consistit
908 3307 1032 3352 summa
1055 3285 1191 3363 rotoma,

330 3407 488 3472 inmortali
513 3412 585 3470 sunt
606 3414 722 3470 natura
745 3403 889 3489 praedita
912 3410 1016 3485 certe,

330 3522 408 3585 haut
429 3521 525 3601 igitur
547 3530 682 3604 possunt
704 3521 745 3584 ad
769 3520 867 3583 nilum
891 3535 1039 3598 quaeque
1063 3515 1196 3580 reverti.

332 3635 473 3716 denique
496 3655 547 3700 res
570 3636 671 3699 omnis
695 3635 808 3698 eadem
831 3634 879 3696 vis
902 3650 1065 3712 causaque
1087 3630 1183 3713 vrrlgo

332 3751 520 3831 conticeret,
545 3748 607 3812 nisi
630 3747 778 3812 materies
801 3752 933 3810 aeterua
954 3752 1093 3828 teneret,

260 3888 311 3934 aro
334 3866 472 3928 interae
495 3883 578 3926 nexu
601 3862 705 3925 minus
728 3866 784 3924 aut
805 3859 908 3939 magis
929 3859 1136 3943 indupedita:

332 3985 435 4042 taetus
458 3977 541 4042 enim
564 3975 619 4040 leti
643 3975 719 4040 satis
743 3980 828 4040 esset
850 3994 948 4040 causa
969 3974 1135 4057 proiect03

333 4093 472 4177 quippe,
495 4091 550 4154 nbi
571 4090 660 4155 nulla
683 4090 788 4154 forent
810 4095 940 4154 aeterno
963 4109 1116 4173 corpore,
1140 4109 1273 4171 quorum

337 4345 386 4394 215
408 4342 529 4408 quiequid
549 4343 575 4392 in
595 4339 608 4412 Η
629 4346 678 4392 217
699 4341 868 4394 0000100200.
890 4338 904 4410 ll
924 4344 975 4392 230
993 4349 1147 4401 externaque
1167 4332 1180 4404 ll
1200 4338 1251 4386 240
1269 4351 1349 4387 neam
