3266 4994
699 332 744 396 111

27 577 28 587 χ
68 524 124 570 ass
157 523 234 566 rara
258 500 343 583 quod
367 501 436 566 eius
458 502 542 566 eninr
565 506 692 566 constat
714 507 849 578 natura,
866 509 1029 570 necessest

25 629 27 684 t
153 615 237 681 aeris
260 615 342 679 inter
364 634 435 679 eum
459 614 634 699 primordia
648 616 756 680 muita
783 617 922 682 moveri.

22 701 26 926 Η
154 729 221 793 iam
245 730 360 813 triplex
384 730 482 826 animi
506 737 555 794 est
576 729 670 810 igitur
692 735 806 794 natura
827 737 973 813 reperta:

155 862 216 908 neo
237 849 345 908 tamen
369 844 447 908 baec
469 851 520 908 sat
543 843 680 908 suntad
703 864 830 908 sensum
854 851 968 908 cuncta
991 848 1185 929 creandum

155 956 201 1020 nil
222 956 335 1021 horum
359 959 506 1039 quoniam
531 958 643 1041 recipit
665 978 758 1038 quern
780 978 877 1042 posse
900 979 1028 1038 creare,

69 1092 126 1137 240
155 1070 333 1135 sensiferos
355 1077 465 1136 motus
483 1072 644 1154 quaedam
666 1053 715 1136 ris
737 1073 842 1136 menti’
865 1071 1006 1136 volutet.

155 1191 269 1266 quarta
292 1205 419 1266 quoque
443 1186 491 1249 his
512 1186 609 1266 igitur
632 1183 792 1264 quaedam
815 1192 930 1250 natura
951 1194 1115 1253 necessest

154 1297 373 1362 adtribuatur:
390 1305 460 1364 east
483 1299 611 1364 omnino
635 1299 773 1363 nominis
796 1319 931 1383 expers3

154 1433 217 1493 qua
241 1431 342 1493 neque
365 1414 515 1478 mobilius
539 1413 709 1494 quicquam
733 1431 837 1493 neque
860 1415 984 1478 tenvius
1007 1422 1132 1500 exstat,

153 1544 214 1589 nee
235 1527 340 1607 magis
362 1534 393 1590 et
415 1527 525 1610 parvis
548 1510 581 1591 et
601 1525 725 1590 levibus
747 1545 787 1590 ex
809 1527 995 1609 elementis;

70 1661 128 1707 245
157 1639 329 1706 sensiferos
351 1648 455 1706 motus
480 1659 561 1722 qnae
585 1639 665 1702 didit
687 1640 790 1720 prima
812 1657 871 1723 pes
892 1647 998 1706 artus.

155 1753 259 1836 prima
281 1752 379 1816 cietur
402 1753 484 1817 enirn
499 1803 507 1835 ,
523 1754 632 1837 parvis
654 1753 797 1836 perfecta
818 1753 949 1834 figuris:

153 1866 228 1931 inde
250 1867 337 1930 oalor
359 1872 462 1931 motus
486 1872 518 1932 et
541 1869 624 1931 venti
648 1886 743 1932 caeca
765 1872 907 1954 potestus

151 1981 283 2064 accipit,
299 1980 375 2045 inde
397 1992 472 2046 aer:
488 1980 563 2046 inde
587 1981 695 2046 omnia
716 1981 954 2059 mobiiitantur‚

150 2096 324 2159 concutitur
348 2095 498 2178 sanguis,
516 2103 580 2158 tum
603 2096 727 2159 viscera
749 2096 984 2178 persentiscunt

73 2231 124 2278 rso
151 2211 278 2284 omnia,
296 2211 466 2293 postremis
490 2210 581 2273 datur
604 2209 730 2274 ossibus
752 2215 848 2290 atque
871 2211 1019 2276 medullis

148 2323 216 2387 sive
239 2324 388 2407 voluptas
411 2329 458 2388 est
480 2323 548 2387 sire
571 2329 618 2387 est
640 2323 816 2387 contrarius
840 2323 957 2387 ardor.

150 2456 209 2502 nee
230 2444 351 2502 temere
373 2438 433 2502 huo
456 2437 548 2502 dolor
572 2457 671 2518 usque
693 2442 798 2519 potest
819 2445 988 2520 penetrare
1011 2458 1116 2521 neque
1139 2460 1214 2506 aere

149 2571 339 2634 permanare
362 2552 501 2630 mulum,
518 2551 592 2633 quin
617 2551 724 2615 omnia
746 2551 969 2633 perturbentur

150 2686 250 2748 usque
273 2665 354 2730 adeo
378 2672 411 2729 ut
433 2667 518 2730 vitae
541 2664 625 2730 desit
645 2664 737 2728 locus
759 2671 855 2745 atque
879 2665 996 2729 animai

70 2801 123 2847 255
151 2779 321 2861 diffugiant
343 2788 450 2864 partes
473 2802 531 2865 per
553 2781 662 2844 caulas
682 2779 825 2862 eorporis
846 2779 966 2844 omnis.

152 2895 208 2958 sed
231 2895 417 2977 plerumque
439 2895 474 2960 fit
494 2895 528 2959 in
551 2916 675 2960 summo
699 2894 790 2975 quasi
814 2914 948 2978 corpore
970 2894 1042 2960 finis

150 3009 305 3074 motibus:
323 3009 408 3076 banc
430 3011 471 3075 ob
495 3029 561 3074 rem
584 3011 681 3073 vitam
703 3010 869 3075 retinemu’
892 3010 1056 3076 veientes.

191 3124 283 3190 Nunc
305 3145 345 3188 ea
368 3145 430 3206 quo
453 3130 548 3207 paeto
571 3123 653 3187 inter
675 3143 746 3188 sese
769 3124 867 3186 mixta
890 3124 1068 3206 quibusque

148 3245 275 3323 compta
297 3238 400 3302 modis
422 3239 553 3321 vigeant
575 3237 729 3301 rationem
750 3236 884 3301 reddere
908 3245 1053 3302 aventem

73 3371 123 3417 aso
150 3351 308 3416 abstrahit
329 3352 461 3415 invitum
483 3352 578 3435 patrii
603 3351 757 3416 sermonis
779 3357 927 3434 egestas:

149 3463 206 3528 sed
229 3471 355 3547 tamen,
372 3473 405 3529 ut
427 3473 538 3549 potero
562 3466 741 3530 summatim
765 3465 940 3547 attingere,
957 3470 1107 3548 tangam.

149 3579 231 3642 inter
254 3578 338 3642 enim
362 3586 489 3644 cursant
510 3579 684 3664 primordia
705 3578 931 3663 principiorum

149 3691 288 3757 motibus
311 3692 392 3755 inter
414 3711 468 3776 se,
485 3696 530 3758 nil
553 3701 587 3758 ut
609 3693 770 3759 secernier
790 3712 887 3756 unum

149 3808 252 3892 possit
274 3826 333 3872 neo
357 3805 461 3890 spatio
484 3807 552 3873 fieri
575 3808 677 3874 divisa
699 3814 862 3892 potestas,

153 4110 203 4157 236
229 4109 295 4158 inter
313 4125 371 4158 enm
390 4110 445 4160 bie.
472 4104 486 4175 Η
510 4108 623 4169 mqueri.
650 4107 664 4175 Η
690 4115 740 4160 239
764 4112 858 4174 recepit
875 4127 945 4160 mens
973 4106 987 4177 Η
1017 4113 1067 4158 240
1090 4126 1138 4171 que
1156 4119 1239 4158 mente
1259 4109 1273 4176 Η

154 4196 204 4242 243
224 4196 305 4245 tenuis
330 4195 343 4262 Η
368 4201 419 4246 244
437 4212 452 4246 e
470 4195 553 4260 parvis
579 4190 592 4260 Η
617 4197 666 4244 249
686 4206 739 4246 turn
758 4199 862 4264 sanguis
881 4195 895 4267 Η
919 4198 1112 4265 persentisiunt.
1138 4191 1151 4265 Η
1176 4198 1227 4246 254
1246 4205 1273 4253 ut

153 4282 292 4333 omissum.
314 4280 327 4351 Η
349 4286 399 4334 255
419 4284 515 4334 culvias
537 4278 549 4350 Η
571 4284 619 4331 257
640 4283 766 4338 valemus.
