3240 5010
684 351 712 414 V

132 529 221 586 terra
244 523 338 597 sit,e
361 527 446 586 terra
469 521 617 603 quoniam
643 528 716 586 sunt
738 530 852 588 cuncta
874 530 1002 589 creata.

131 635 300 716 multaque
322 655 406 699 nunc
428 635 522 700 etiarn
546 636 683 701 existunt
705 637 858 701 animalia
878 639 991 716 terris,

132 749 288 814 imbribus
311 755 343 813 et
365 747 472 816 calido
496 749 574 814 solis
596 756 744 815 concreta
765 769 919 838 vapores

134 884 199 944 quc
222 863 326 927 minus
348 868 397 928 est
419 863 552 947 mirum,
570 864 597 928 si
619 870 685 928 tum
708 871 782 929 sunt
803 866 896 949 plura
918 872 1028 930 nonna

60 996 107 1041 acc
134 983 166 1040 et
188 977 332 1053 maiora,
347 996 431 1041 nova
452 976 568 1041 tellure
591 983 687 1059 atque
710 978 836 1044 aethere
860 978 991 1044 adulta.

134 1089 290 1174 principio
314 1110 417 1170 genus
439 1089 574 1154 alituum
597 1091 769 1172 variaeque
791 1091 937 1158 volucres

133 1223 197 1270 ova
218 1204 442 1286 relinquebant
464 1205 613 1268 exclusae
636 1212 780 1289 tempore
801 1225 921 1284 verno,

130 1317 292 1384 folliculos
315 1323 350 1381 ut
372 1338 457 1383 nunc
479 1318 589 1384 teretis
611 1325 734 1384 aestate
758 1321 891 1386 cicadae

133 1431 255 1514 lincunt
278 1438 389 1514 sponte
413 1451 471 1497 sua
492 1431 609 1496 victum
632 1434 793 1515 vitamque
814 1441 979 1517 petentes.

59 1566 107 1612 sos
132 1551 199 1609 tum
222 1545 279 1609 tibi
302 1552 387 1610 terra
410 1545 498 1610 dedit
519 1547 638 1630 passim
663 1548 808 1612 mortalia
830 1549 957 1630 saecla.

131 1659 248 1723 multus
271 1659 355 1724 enirn
378 1659 467 1724 calor
490 1666 586 1741 atque
609 1681 699 1725 umor
722 1663 896 1746 superabat
917 1663 950 1726 in
974 1663 1079 1727 arvis:

132 1773 195 1837 hcc
215 1774 271 1838 ubi
295 1793 442 1855 quaeque
466 1774 526 1840 lcci
550 1776 638 1859 regio
663 1783 841 1859 opportuna
865 1775 1023 1855 dabatur,

131 1888 319 1952 crescebant
340 1889 420 1952 uteri
442 1893 561 1952 terram
583 1888 745 1955 radicibus
769 1889 854 1974 apti3

133 2021 213 2082 qucs
235 2001 290 2065 ubi
312 2009 456 2085 tempore
480 2009 602 2068 maturo
624 2010 701 2087 pate
723 2004 843 2069 fecerat
866 2013 973 2071 aestus

63 2136 108 2182 arc
132 2117 285 2180 infantum
299 2167 307 2193 ‚
323 2114 450 2196 fugiens
473 2134 616 2180 umorem
639 2137 800 2198 aurasque
823 2125 1010 2202 patescens,

131 2230 339 2295 convertebat
359 2229 404 2294 ibi
426 2236 540 2294 natura
561 2231 721 2296 foramina
743 2237 848 2298 terrae

131 2352 162 2411 et
184 2366 292 2410 sucum
315 2347 405 2412 venis
429 2344 565 2424 cogebat
587 2343 720 2410 fundere
743 2348 876 2429 apertis·

133 2461 329 2527 consimilem
352 2461 464 2538 lactis,
481 2459 562 2524 sicut
583 2479 667 2523 nune
690 2458 811 2524 semina
834 2481 982 2542 quaeque

133 2594 201 2639 cum
223 2577 367 2660 peperit,
383 2575 467 2640 dulci
490 2575 628 2658 repletur
651 2573 754 2650 lacte,
772 2573 856 2654 quod
881 2576 983 2640 omnis

64 2706 110 2752 ars
132 2689 265 2774 impetus
286 2691 320 2754 in
342 2709 499 2756 mammas
522 2689 717 2754 convertitur
738 2688 794 2752 ille
817 2688 981 2754 alimenti.

132 2809 215 2870 terra
238 2804 343 2869 cibum
365 2805 492 2890 pueris,
508 2809 630 2868 vestem
653 2823 775 2887 vapor,
791 2801 893 2868 herba
916 2804 1020 2868 cubile

131 2920 305 3002 praebebat
327 2920 425 2984 multa
448 2924 480 2984 et
502 2917 589 2982 melli
614 2917 767 2999 lanugine
790 2917 981 2984 abundans.

130 3039 163 3096 at
183 3034 310 3098 novitas
333 3033 442 3098 mundi
465 3052 526 3098 nec
546 3030 669 3115 frigora
691 3030 773 3096 dura
796 3031 900 3098 ciebat

130 3167 187 3226 nec
209 3147 326 3212 nimios
348 3154 455 3213 aestus
476 3167 535 3212 nec
558 3148 685 3228 magnis
707 3147 827 3213 viribus
851 3167 968 3214 auras.

66 3277 109 3326 sac
129 3262 236 3326 omnia
259 3261 343 3326 enim
365 3262 486 3345 pariter
509 3267 653 3327 crescunt
674 3269 706 3326 et
727 3263 843 3326 robora
866 3268 1012 3346 sumunt.

167 3377 275 3454 Quare
298 3375 394 3441 etiarn
418 3382 514 3456 atque
536 3375 971 3440 etiammaternumnomen
994 3374 1112 3460 adepta

128 3495 212 3556 terra
235 3495 321 3554 tenet
343 3489 475 3570 merito,
492 3488 642 3568 quoniam
665 3507 766 3570 genus
789 3488 860 3572 ipsa
883 3487 1003 3552 creavit

129 3604 301 3670 humanum
324 3610 420 3684 atque
443 3602 561 3666 animal
584 3622 690 3687 prope·
710 3607 794 3666 certo
818 3607 962 3685 tempore
985 3600 1067 3667 fudit

128 3739 219 3784 omne
234 3770 242 3796 ‚
260 3719 345 3801 quod
368 3718 401 3782 in
424 3718 550 3800 magnis
574 3716 747 3783 bacchatur
769 3713 920 3780 montibu’
944 3716 1085 3799 passim,
1110 3755 1126 3772 s

62 3848 104 3898 aas
128 3833 294 3916 aeriasque
317 3833 409 3898 simul
430 3835 577 3898 volucres
599 3830 787 3898 variantibu'
810 3830 941 3896 formis.

127 3947 183 4012 sed
207 3948 282 4029 qnia
303 3947 398 4018 finem
422 3946 561 4028 aliquam
584 3947 730 4031 pariendi
753 3946 849 4012 debet
870 3945 1011 4029 habere,

71 4253 74 4268 .
132 4225 179 4272 799
199 4232 239 4271 nus
259 4222 271 4287 Η
297 4223 348 4270 800
367 4222 463 4270 maiore
484 4217 497 4287 ΙΙ
522 4222 571 4269 802
591 4219 750 4284 reliquabanr
770 4217 782 4287 ll
809 4222 859 4269 805
878 4219 987 4282 primum
1007 4217 1020 4286 Η
1045 4218 1095 4268 809
1115 4222 1211 4268 aestas.
1233 4211 1246 4288 ll

131 4311 179 4362 812
200 4309 235 4358 Ut
254 4303 268 4376 ll
288 4311 338 4360 823
358 4309 444 4362 anima
464 4306 477 4379 ll
498 4309 549 4359 824
568 4307 654 4374 magni
675 4301 688 4374 ΙΙ
709 4308 759 4358 825
779 4307 922 4372 Aeriaeque
