3266 4994
353 331 394 396 88
429 377 436 391 .
891 325 939 388 111

277 519 326 564 aas
352 496 411 562 sed
432 495 524 577 quasi
546 495 665 560 multae
687 495 735 560 vis
758 495 851 559 unius
874 494 1017 578 corporis
1038 499 1168 560 extant.

354 610 438 692 quod
461 629 562 691 genus
585 610 617 672 in
640 609 751 691 quovis
775 607 971 672 animantum
993 608 1116 674 viscere
1141 610 1234 692 volgo

353 731 401 789 est
424 724 556 789 odoret
579 723 707 804 quidam
731 722 872 787 coloret
895 741 1009 806 sapor,
1030 729 1061 786 ot
1083 729 1191 787 tamen
1214 745 1252 788 ex
1275 723 1325 788 his

355 839 502 902 omnibus
525 844 574 903 est
596 858 691 901 uuum
714 836 890 920 perfectum
914 837 1056 920 corporis
1079 857 1237 918 augmen.

355 952 401 1016 sic
424 951 511 1016 calor
533 959 630 1034 atque
652 957 707 1014 a‘e'r
731 956 761 1013 et
783 949 870 1014 venti
893 970 990 1046 caeca
1013 955 1158 1035 potestas

202 1133 208 1141 ,
280 1085 330 1131 aro
356 1065 455 1128 mixta
479 1071 587 1130 creant
608 1085 703 1128 unam
727 1070 896 1142 nabrram,
914 1069 945 1127 et
967 1063 1095 1128 mobilis
1117 1064 1201 1127 illa·

353 1179 422 1261 vis,
439 1178 551 1243 initum
576 1186 678 1244 motus
701 1180 743 1242 ab
767 1197 802 1242 se
826 1196 910 1259 quae
934 1177 1046 1240 dividit
1069 1178 1162 1255 ollis,

354 1292 491 1358 sensifer
513 1293 599 1358 unde
622 1293 720 1357 oritur
741 1293 877 1376 primum
898 1311 956 1374 per
978 1291 1104 1356 viscera
1127 1297 1252 1356 motus.

355 1428 429 1472 nam
451 1407 577 1490 penitus
600 1426 745 1490 prorsum
771 1406 850 1470 latet
872 1406 953 1470 haec
976 1411 1089 1468 natura
1111 1406 1304 1487 subestque,

355 1540 415 1586 nec
436 1520 542 1601 magis
564 1520 625 1584 hac
647 1519 734 1584 infra
757 1521 928 1601 quicquam
951 1521 1052 1584 estin
1075 1539 1209 1603 corpore
1232 1528 1362 1598 nostro,

280 1656 330 1702 ars
356 1641 453 1716 atque
477 1634 583 1698 anima
607 1640 656 1698 est
679 1634 807 1698 animae
829 1655 983 1718 proporro
1006 1634 1102 1698 totius
1124 1634 1216 1717 ipsa.

357 1748 443 1829 quod
465 1767 567 1829 genus
590 1747 622 1810 in
646 1748 763 1812 nostris
786 1749 938 1812 membris
962 1753 993 1812 et
1016 1767 1147 1830 corpore
1170 1753 1237 1811 toto

355 1863 455 1925 mixta
476 1862 579 1925 latens
602 1861 698 1925 animi
721 1863 768 1926 vis
792 1869 841 1940 est
864 1861 1054 1942 animaeque
1076 1867 1240 1946 potestas,

355 1977 541 2059 corporibus
565 1976 701 2058 quiade
724 1976 840 2058 parvis·
855 1974 1029 2057 paucisque
1053 1982 1208 2040 creatast.

355 2089 400 2153 sic
423 2089 479 2152 tibi
501 2090 639 2152 nominis
661 2088 742 2154 haec
765 2108 880 2171 expers
903 2087 970 2170 vis,
988 2088 1072 2154 facta
1094 2089 1223 2155 minutis

281 2223 331 2269 aso
355 2203 560 2286 corporibus,
577 2203 655 2267 latet
678 2209 773 2283 atque
797 2203 922 2266 animae
946 2203 1036 2283 quasi
1059 2204 1155 2269 totius
1176 2205 1248 2289 ipsa

355 2323 541 2400 proporrost
562 2317 668 2380 anima
691 2323 722 2380 et
744 2316 923 2380 dominatur
946 2336 1079 2400 corpore
1102 2324 1187 2384 toto.

355 2430 516 2495 consimili
536 2431 662 2495 ratione
684 2436 847 2496 necessest
867 2437 981 2495 ventus
1004 2438 1035 2496 et
1057 2439 1112 2496 ae‘r

356 2552 387 2609 et
409 2545 496 2609 color
517 2546 599 2609 inter
622 2565 658 2610 se
680 2546 809 2628 vigeant
832 2546 1002 2611 commixta
1023 2567 1081 2630 por
1103 2554 1212 2626 artus,

353 2659 460 2741 adque
482 2660 556 2724 aliis
580 2660 666 2724 aliud
690 2659 791 2724 subsit
813 2661 916 2743 magis
939 2661 1162 2746 eminentque,

256 2793 329 2841 ‘285
354 2781 388 2837 ut
410 2773 564 2855 quiddam
586 2773 655 2839 fieri
677 2774 823 2838 videatur
846 2776 886 2839 ab
909 2776 1055 2842 omnibus
1077 2797 1194 2860 unum,

355 2888 387 2951 ni
410 2887 498 2952 calor
520 2908 558 2952 ac
580 2895 694 2954 ventus
716 2897 860 2954 seorsum
882 2910 1089 2973 seorsumque
1112 2897 1255 2976 potestas

353 3000 438 3066 aeris
459 3002 653 3066 interemant
676 3023 804 3067 sensum
827 3002 1017 3087 diductaque
1041 3007 1188 3071 solvant.

354 3119 402 3179 est
424 3117 540 3180 etenim
563 3117 652 3181 calor
674 3117 728 3182 ilic
750 3118 879 3201 animo,
897 3139 990 3200 quem
1013 3121 1126 3204 sumit,
1143 3121 1177 3187 in
1199 3123 1247 3186 ira

354 3249 424 3293 oum
446 3230 598 3295 fervescit
620 3236 651 3295 et
673 3252 711 3296 ex
735 3232 835 3298 oculis
857 3233 952 3298 micat
973 3235 1100 3298 acribus
1124 3233 1242 3298 ardor:

248 3404 253 3416 ,
279 3363 329 3408 aco
356 3349 406 3407 est
428 3363 468 3408 ea
489 3344 610 3426 frigida
634 3346 749 3430 multa,
767 3367 874 3413 comes
896 3348 1095 3431 formidinis,
1113 3369 1209 3426 aura,

355 3476 438 3538 quae
462 3459 524 3524 ciet
544 3459 705 3524 horrorem
728 3462 879 3527 membris
903 3469 934 3526 et
956 3462 1093 3527 concitat
1114 3467 1222 3527 artus:

356 3578 405 3636 est
427 3574 521 3637 etiarn
545 3593 670 3655 quoque
692 3576 800 3658 pacati
824 3581 925 3640 status
948 3576 1031 3639 aeris
1053 3576 1127 3658 ille,

354 3693 483 3769 pectore
506 3689 679 3770 tranquillo
704 3690 756 3769 qui
778 3689 813 3752 fit
834 3689 984 3769 voltuque
1008 3708 1141 3754 sereno.

354 3800 410 3864 sed
434 3801 530 3866 calidi
552 3803 624 3885 plus
648 3810 695 3866 est
716 3803 780 3868 illis
803 3802 917 3883 quibus
940 3801 1029 3866 acria
1052 3803 1151 3868 corda

278 3931 328 3980 aas
353 3913 571 3997 iracundaque
592 3935 684 3981 mens
705 3916 801 3980 facile
825 3914 1005 3980 efferuescit
1025 3917 1058 3981 in
1080 3919 1148 4002 ira,

354 4091 555 4098 ,-..---

356 4192 406 4238 272
427 4187 566 4238 Sensiferer
585 4186 599 4255 Η
619 4191 669 4238 288
688 4191 765 4240 etiarn
786 4187 798 4258 Η
819 4194 868 4242 289
889 4193 1009 4244 fervescet
1029 4193 1043 4266 ii
1063 4197 1146 4249 acrius
1172 4191 1185 4264 Η
1210 4198 1262 4246 290
1282 4204 1306 4247 et
1330 4192 1343 4266 Η
1368 4200 1416 4246 291
1437 4198 1474 4250 in·

358 4275 470 4332 eoncitat
490 4273 503 4344 Η
524 4277 573 4324 293
593 4275 697 4326 Pertore
717 4275 730 4346 ΙΙ
750 4279 778 4326 iit
797 4280 840 4348 qui
