3266 4994
696 383 746 450 Ill

146 578 217 623 nee
238 555 335 624 refert
356 563 460 622 utrum
482 561 595 642 pereat
618 555 765 639 dispersa
786 576 844 641 per
866 577 964 621 auras

58 694 117 742 545
150 695 202 738 an
225 679 389 740 eontracta
413 673 479 738 suis
502 691 520 736 e
541 671 685 756 partibus
708 671 932 756 obmutescat,

147 788 286 871 quando
309 787 471 852 hominem
492 791 592 851 totum
615 786 720 869 magis
743 806 781 851 ae
804 787 907 869 magis
930 786 1070 868 undique
1093 807 1207 853 sensus

148 903 264 968 defieit
286 908 318 967 et
339 903 425 971 vitae
447 901 553 964 minus
576 905 608 966 et
631 901 734 965 minus
756 902 899 982 undique
921 909 1040 966 restat.

195 1018 237 1081 Et
259 1018 411 1100 queniam
432 1036 522 1081 mens
546 1022 594 1081 est
616 1016 753 1081 heminis
775 1037 850 1100 pars
873 1037 956 1095 una,
971 1018 1043 1082 loeo
1068 1036 1150 1098 quae

147 1131 221 1196 fixa
242 1137 351 1196 manet
373 1137 476 1215 certo,
493 1132 545 1195 vel
568 1136 602 1194 ut
624 1151 719 1197 aures
742 1137 838 1213 atque
862 1131 945 1196 oeuli
967 1138 1041 1196 sunt

60 1267 119 1313 550
150 1252 254 1328 atque
277 1245 333 1308 alii
356 1265 469 1310 sensus
493 1245 546 1326 qui
569 1246 667 1310 vitam
690 1265 824 1326 eumque
847 1246 1048 1328 gubernant,

154 1361 265 1425 set-vel
286 1361 332 1423 uti
354 1380 468 1424 manus
490 1365 546 1423 aut
567 1361 679 1425 oculus
701 1378 836 1425 naresve
859 1379 1004 1424 seersum

153 1480 282 1540 secreta
304 1474 345 1538 ab
368 1474 460 1539 nubis
482 1481 644 1556 nequeunt
666 1473 784 1540 sentire
805 1492 1025 1556 nequeesse,

153 1589 216 1653 sed
237 1594 342 1654 tamen
364 1588 398 1652 in
420 1609 520 1672 parvo
543 1590 703 1654 lincuntur
724 1595 866 1672 ternpore
888 1587 974 1671 tabi,

153 1702 205 1769 sie
227 1702 350 1767 animus
372 1722 430 1785 per
452 1723 488 1767 se
510 1725 574 1769 000
598 1705 664 1787 quit
687 1703 757 1768 sine
780 1722 913 1786 corpore
936 1708 968 1767 et
989 1702 1060 1785 ipso

68 1837 126 1882 555
156 1834 231 1884 esse
254 1817 400 1900 homine,
417 1817 505 1882 illius
529 1819 622 1900 quasi
645 1817 732 1900 qued
754 1837 812 1881 vas
836 1836 906 1882 esse
932 1817 1075 1899 videtur,

153 1929 226 1996 sive
249 1931 338 1996 aliud
361 1932 508 2013 quidvis
530 1933 637 2017 potius
660 1931 858 1997 coniunctius
881 1932 910 1996 ei

150 2045 298 2131 fingere,
316 2047 574 2129 quandoquidem
598 2067 723 2113 eenexu
746 2067 862 2131 eorpus
885 2045 1039 2111 adhaeret

152 2159 298 2241 denique
310 2209 318 2243 ‚
336 2162 478 2244 eorporis
500 2167 598 2244 atque
621 2161 718 2226 animi
740 2162 848 2226 vivata
870 2167 1015 2245 potestas

151 2276 239 2340 inter
261 2295 296 2340 se
318 2276 488 2341 eoniuneta
509 2278 616 2342 valent
637 2277 767 2358 vitaque
790 2275 956 2341 fruuntur:

4 2371 5 2394 ¹
71 2410 125 2457 500
151 2410 217 2454 000
239 2389 310 2454 sine
334 2409 466 2473 corpere
489 2392 573 2455 enim
595 2391 702 2456 vitalis
725 2390 821 2456 edere
843 2397 948 2455 motus

152 2505 229 2570 sela
250 2509 355 2588 potest
377 2504 474 2568 animi
496 2525 555 2589 per
577 2524 614 2571 se
637 2512 752 2570 natura
776 2525 835 2570 nee
858 2509 965 2570 autem

4 2523 6 2672 Ι
153 2639 286 2684 cassum
308 2619 418 2683 anima
441 2639 556 2704 eorpus
579 2619 694 2684 durare
717 2627 749 2684 et
771 2620 920 2685 sensibus
942 2618 1009 2682 uti.

4 2723 6 2780 l
153 2733 302 2812 scilieet,
319 2735 449 2800 avolsus
471 2735 633 2799 radicibus
655 2741 690 2798 ut
711 2735 822 2816 nequit
843 2735 942 2798 ullam

152 2847 316 2930 dispieere
338 2849 407 2932 ipse
430 2850 540 2914 oculus
563 2868 631 2914 rem
653 2865 797 2915 seorsum
821 2868 953 2932 corpore
975 2853 1062 2931 tote,

73 2981 127 3028 505
154 2963 206 3026 5ἱο
228 2963 337 3026 anima
360 2970 457 3045 atque
479 2965 603 3028 animus
627 2985 684 3048 per
706 2985 742 3029 se
765 2964 811 3028 nil
832 2982 928 3048 posse
951 2963 1094 3026 videtur.

154 3076 192 3140 ni
214 3077 348 3155 mirum,
365 3078 442 3159 quia
463 3098 522 3163 per
543 3098 644 3144 venas
670 3083 701 3143 et
722 3079 848 3144 viscera
870 3078 1012 3160 mixtim,

153 3210 216 3274 per
238 3211 352 3257 nervos
375 3199 471 3274 atque
495 3212 592 3275 ossa,
608 3197 754 3256 tenentur
777 3213 911 3276 corpore
935 3193 976 3256 ab
1000 3191 1085 3256 000οἰ

154 3323 218 3368 000
242 3305 366 3387 magnis
388 3305 566 3372 intervallis
590 3306 765 3389 primordia
787 3314 922 3390 possunt

155 3417 262 3482 libera
285 3419 474 3504 dissultare,
491 3417 565 3486 id‘ee
590 3421 740 3484 eenelusa
762 3429 928 3486 moventur

78 3546 131 3594 570
158 3531 334 3597 sensiferos
356 3540 479 3618 metus,
496 3557 577 3617 quos
599 3541 689 3600 entra
713 3554 827 3620 eorpus
842 3533 885 3599 'in
907 3554 1003 3600 auras

158 3644 246 3710 aeris
269 3645 349 3710 haut
370 3649 502 3730 pessunt
524 3656 752 3732 postmortem
776 3652 876 3715 eiecta
898 3649 1019 3715 moveri

157 3765 332 3842 propterea
354 3761 431 3841 quia
452 3781 516 3825 000
538 3763 635 3827 simili
655 3764 779 3828 ratione
802 3770 970 3828 tenentur:

159 3893 276 3956 eorpus
300 3875 385 3939 enim
409 3882 506 3955 atque
530 3877 676 3942 animans
699 3878 765 3942 erit·
782 3883 856 3953 altr,
873 3878 899 3942 si
923 3878 1071 3942 cohibere

166 4173 217 4222 544
235 4176 345 4240 disperse
376 4176 388 4247 Η
417 4180 467 4228 545
488 4177 649 4226 obruteseat.
675 4173 688 4243 ll
719 4179 767 4226 551
788 4185 863 4239 atque
888 4176 901 4245 ΙΙ
927 4179 977 4228 553
996 4179 1128 4242 linguntur
1152 4174 1165 4243 ll
1190 4177 1252 4224 tali.
1272 4171 1286 4243 ll

166 4263 216 4310 555
236 4262 365 4314 hominem
386 4265 399 4334 Η
419 4281 489 4315 vasae
514 4267 526 4332 ll
553 4268 604 4315 564
624 4264 712 4313 oculus
732 4266 784 4328 ipse
809 4263 822 4334 ΙΙ
846 4269 896 4314 566
916 4270 1118 4330 peremissent.
1142 4264 1154 4331 Η
1179 4265 1253 4315 mixti
1273 4264 1286 4333 Η

169 4348 217 4394 571
240 4363 356 4402 movere.
376 4349 390 4421 ΙΙ
411 4355 461 4402 573
482 4355 594 4403 auliuam
612 4352 671 4401 serit

1065 4455 1083 4520 l
