3240 5010
685 343 731 408 Vl

116 515 324 600 exprimere
346 520 381 579 ut
404 513 484 581 caeli
506 513 676 580 videantur
696 513 817 598 templa
840 533 997 596 superne.
1030 487 1035 496 ’

117 630 205 696 inde
232 635 362 696 tremor
383 636 487 695 terras
510 628 652 710 graviter
673 634 883 714 pertemptat,
901 633 933 693 et
954 629 1054 693 altum

117 765 307 810 murmura
330 750 516 828 percurrunt
539 745 682 810 eaelum:
699 764 772 808 nam
796 749 862 808 tota
884 745 1040 810 feretum

116 864 317 944 tempestas
341 879 498 924 concussa
520 859 625 924 tremit
646 858 850 941 fremitusque
872 866 1057 925 moventur.

45 997 91 1043 mc
119 997 192 1058 quo
222 976 273 1038 de
295 993 452 1038 concussu
475 973 616 1056 sequitur
638 974 746 1059 gravis
767 973 867 1038 imber
890 980 922 1040 et
943 975 1041 1060 uber,

119 1090 241 1156 omnis
270 1089 315 1153 uti
337 1087 484 1154 videatur
505 1088 539 1152 in
563 1087 695 1154 imbrem
718 1089 835 1154 vertier
854 1090 964 1154 aether

119 1211 234 1286 atque
262 1204 307 1268 ita
329 1202 545 1287 praecipitans
568 1202 610 1267 ad
634 1203 786 1268 diluviem
808 1203 970 1268 revocari:

118 1324 246 1384 tantus
272 1317 408 1383 discidio
431 1319 524 1382 nubis
546 1317 695 1399 ventique
716 1319 860 1401 procella

120 1435 297 1516 mittitur,
315 1432 437 1498 ardenti
461 1433 583 1498 sonitus
607 1451 677 1496 cum
701 1432 851 1516 provolat
872 1431 954 1498 ictu.

11 1479 14 1572 1
50 1570 99 1617 aas
126 1555 183 1614 est
210 1547 314 1614 etiam
338 1566 406 1611 cum
429 1547 479 1613 vis
502 1547 699 1636 extrinsecus
722 1547 820 1612 incita
842 1547 926 1611 venti

122 1663 255 1729 incidit
276 1662 309 1726 in
331 1662 495 1744 gravidam
519 1666 641 1726 maturo
666 1661 798 1726 fulmine
821 1662 956 1740 nubem3

125 1799 235 1862 quam
264 1797 334 1842 cum
357 1775 533 1861 perscidit,
551 1776 710 1861 extemplo
734 1776 820 1840 cadit
841 1776 955 1860 igneus
978 1777 1033 1842 ille

124 1900 273 1977 vertex,
290 1911 383 1973 quem
407 1892 510 1974 patric
534 1890 709 1956 vocitamus
732 1891 858 1956 nomine
880 1891 1019 1957 fulmen.

126 2009 195 2074 hoc
220 2008 259 2072 fit
280 2006 365 2071 idem
388 2006 421 2069 in
445 2006 544 2088 partis
568 2006 750 2089 alias,un
773 2025 906 2087 cumque
928 2007 999 2071 tulit
1022 2008 1091 2074 vis.

55 2143 101 2190 300
127 2124 166 2187 fit
191 2141 327 2204 quoque
349 2127 383 2184 ut
404 2121 488 2185 inter
510 2120 584 2184 dum
608 2121 692 2184 venti
716 2120 764 2184 vis
786 2120 885 2184 missa
907 2122 976 2186 sine
999 2122 1067 2204 igni

127 2237 281 2319 igniscat
302 2241 411 2300 tamen
434 2236 466 2298 in
489 2236 594 2320 spatio
618 2237 780 2320 longoque
804 2241 929 2318 meatu,

129 2351 320 2426 cumvenit
343 2351 491 2415 amittens
513 2351 546 2414 in
568 2371 663 2416 eursu
687 2372 823 2434 corpora
847 2352 1006 2434 quaedam

131 2464 299 2549 grandia,
317 2485 399 2548 quae
423 2471 583 2547 nequeunt
605 2466 721 2548 pariter
743 2473 911 2550 penetrare
933 2486 990 2550 per
1012 2487 1131 2543 auras,

129 2588 239 2668 ‚atque
262 2581 328 2644 alia
350 2599 390 2645 ex
413 2579 484 2665 ipso
508 2585 688 2647 conradens
711 2587 783 2646 aere
806 2587 911 2662 portat

59 2715 107 2764 305
133 2695 299 2782 parvola,
316 2714 398 2776 quae
421 2693 545 2758 faciunt
566 2695 674 2775 ignem
698 2695 868 2760 commixta
890 2695 1050 2777 volando,

133 2833 204 2877 non
229 2808 295 2873 alie
317 2810 414 2891 longe
437 2809 560 2874 ratione
583 2829 622 2874 ac
644 2810 796 2894 plumbea
819 2829 916 2893 saepe

133 2923 266 2991 fervida
288 2923 321 2987 fit
343 2924 438 3006 glans
461 2926 493 2988 in
516 2945 629 3009 eursu,
647 2946 718 2990 cum
741 2925 841 2988 multa
865 2924 980 3007 rigoris

136 3059 279 3126 corpora
301 3037 461 3104 dimittens
483 3040 590 3124 ignem
614 3041 759 3123 concepit
780 3040 813 3102 in
837 3039 942 3104 auris.

134 3154 172 3220 fit
196 3173 326 3237 quoque
348 3162 382 3218 ut
402 3155 504 3238 ipsius
526 3156 645 3240 plagae
668 3156 716 3221 vis
740 3159 857 3222 excitet
879 3156 1007 3241 ignem,

64 3285 112 3334 310
137 3269 259 3354 frigida
281 3289 352 3333 cum
374 3269 461 3333 venti
483 3270 606 3353 pepulit
627 3271 677 3334 vis
700 3271 799 3336 missa
822 3271 890 3334 sine
912 3271 998 3356 igni,

138 3385 173 3448 ni
195 3383 330 3466 mirum,
348 3384 444 3466 quia,
462 3403 531 3448 cum
556 3385 693 3448 vementi
716 3384 851 3467 perculit
872 3384 957 3466 ictu,

138 3497 303 3564 confluere
326 3518 364 3562 ex
387 3498 457 3582 ipsc
480 3504 613 3581 possunt
635 3498 794 3562 elementa
815 3498 965 3582 vaporis,

139 3617 174 3679 et
196 3613 291 3677 simul
313 3631 354 3676 ex
374 3612 430 3677 illa
453 3633 536 3695 quae
559 3619 623 3676 tum
647 3631 698 3676 res
723 3611 840 3694 exeipit
861 3611 977 3694 ictum,

140 3733 196 3806 ut,
212 3726 354 3812 lapidem
377 3726 463 3794 ferro
488 3749 557 3794 eum
580 3726 762 3803 caedimus,
779 3727 885 3790 evolat
905 3727 1011 3811 ignis,

70 3856 119 3906 315
145 3862 226 3926 uec,
243 3842 328 3924 quod
351 3841 468 3925 frigida
489 3845 539 3909 vis
560 3844 687 3921 ferrist,
704 3841 765 3908 hoc
787 3841 886 3906 setius
908 3840 954 3905 illi

147 4147 197 4196 286
217 4146 366 4212 Opprimere
393 4144 406 4213 Η
433 4147 484 4196 288
502 4155 639 4210 peeurrunt
663 4145 678 4214 Η
701 4148 752 4196 290
770 4160 906 4196 concussus
932 4144 945 4212 Η
969 4147 1017 4194 291
1038 4152 1066 4193 ut
1090 4141 1103 4210 Η
1125 4146 1175 4193 292
1194 4158 1265 4192 revo-

148 4247 223 4284 care.
244 4231 257 4302 Η
277 4236 328 4283 295
346 4233 381 4282 Es
406 4231 418 4301 Η
444 4235 494 4282 296
513 4233 599 4282 valida
620 4230 632 4300 Η
652 4235 762 4284 eulmine
782 4232 794 4300 Η
816 4235 866 4284 298
885 4233 967 4304 spatio
988 4228 1001 4300 Η
1022 4233 1072 4280 802
1091 4231 1161 4280 Dum
1181 4227 1193 4297 Η
1215 4230 1264 4279 808

146 4321 261 4386 concipit
281 4317 294 4388 Η
315 4323 365 4371 809
384 4321 445 4385 ipsis
466 4317 479 4389 Η
501 4323 550 4370 315
571 4319 631 4370 ille.
687 4317 693 4325 '
