3240 5010
693 361 718 423 v

146 541 241 617 atque
266 533 331 598 alia
353 533 439 597 illius
461 531 603 614 reparari
624 532 658 593 in
680 536 772 614 parte
794 529 949 614 loooque,

69 670 118 716 735
147 647 308 712 difficilest
329 647 453 712 ratione
476 645 592 711 dooere
615 652 646 710 et
666 645 792 710 vincere
814 644 943 726 verbis,

148 761 264 827 ordine
287 782 358 826 oum
380 761 504 844 possint
525 766 589 824 tam
613 766 700 824 oerto
722 758 823 824 multa
845 759 966 824 creari.

144 877 171 940 it
192 895 248 941 ver
271 880 303 940 et
324 873 453 958 Venus,
470 880 502 939 et
523 874 607 938 varis
628 873 835 958 praenuntius
857 879 931 937 aute

144 996 307 1076 pennatus
330 988 475 1072 graditur
496 988 674 1073 zephyrus,
691 987 829 1068 vestigia
850 993 980 1072 propter

143 1105 245 1169 Flora
269 1105 383 1186 quibus
407 1109 508 1168 mater
530 1120 766 1185 praespargens
789 1109 863 1166 aute
885 1101 949 1166 viai

67 1241 116 1288 740
146 1226 263 1284 eunota
287 1217 447 1282 ooloribus
471 1216 664 1301 egregiis·et
685 1215 838 1281 odoribus
863 1216 993 1300 opplet.

143 1333 222 1399 inde
244 1333 307 1397 looi
330 1316 472 1414 sequitur
493 1331 582 1396 oalor
604 1329 713 1394 aridus
738 1337 769 1395 57
791 1350 897 1396 eomes
920 1350 986 1394 uua

143 1447 368 1532 pulverulenta
392 1445 487 1510 Ceres
509 1451 541 1509 et
563 1445 663 1510 etesia
686 1445 787 1509 flabra
808 1444 1014 1526 aquilonum.

146 1561 221 1625 inde
245 1568 413 1625 autumnus
436 1559 522 1652 adit,
539 1558 682 1640 graditur
704 1559 797 1624 simul
820 1559 940 1622 Euhius
963 1559 1074 1622 Euan.

145 1674 222 1740 inde
247 1675 330 1739 aliae
353 1679 557 1758 tempestates
580 1673 728 1755 ventique
753 1678 919 1757 seouutur,

13 1799 17 1808 '
66 1812 115 1857 775
145 1788 316 1853 altitonans
338 1786 512 1854 Volturnus
534 1795 565 1852 et
587 1794 693 1853 auster
716 1787 847 1852 fulmine
869 1786 1015 1871 pollens.

118 1903 277 1984 ‚tandem
300 1904 412 1967 bruma
434 1891 523 1969 nives
546 1902 652 1968 adfert
674 1904 863 1987 pigrumque
885 1902 1045 1983 rigorem,

144 2017 252 2102 prodit
275 2018 417 2101 hiemps,
435 2017 577 2100 sequitur
599 2019 758 2102 crepitans
781 2013 866 2082 hano
889 2017 1038 2106 dentibus
1061 2015 1172 2096 algor.

148 2153 210 2214 quo
233 2132 337 2198 minus
361 2138 408 2197 est
430 2131 562 2215 mirum,
580 2132 606 2196 si
631 2136 716 2196 certo
739 2138 883 2215 tempore
906 2132 982 2195 luna

147 2247 288 2331 gignitur
310 2253 341 2310 et
363 2253 448 2311 oerto
472 2245 596 2334 deletur
617 2252 761 2329 tempore
784 2265 897 2322 rusus,

4 2395 5 2466 7
72 2385 118 2432 rso
148 2381 218 2426 oum
242 2361 308 2428 fieri
331 2362 456 2446 possint
476 2367 540 2424 tam
564 2365 650 2424 nerto
674 2365 817 2444 tempore
840 2359 962 2422 multa.

185 2476 268 2540 Solis
291 2476 365 2540 item
389 2492 516 2558 quoque
540 2471 684 2538 defectus
706 2472 865 2554 lunaeque
887 2473 1029 2536 latmras

145 2573 289 2676 pluribus
312 2611 330 2660 5
352 2590 459 2655 oausis
481 2589 548 2654 lieri
571 2587 626 2651 tibi
650 2606 746 2670 posse
769 2585 1014 2670 putandumst..

145 2726 217 2770 uam
240 2727 296 2770 our
318 2706 393 2770 luna
416 2711 513 2786 queat
534 2710 651 2766 terram
676 2699 841 2765 seeludere
865 2699 944 2764 solis

145 2821 264 2886 lumine
286 2827 318 2884 et
340 2839 361 2884 a
382 2819 475 2884 terris
497 2819 594 2882 altum
619 2822 713 2902 oaput
735 2816 898 2882 obstruere
922 2813 971 2897 ei,

68 2959 118 3006 755
146 2915 287 3001 obioieus
310 2953 439 3000 oaeoum
463 2932 562 2998 radiis
585 2930 772 2997 ardentibus
796 2930 925 3006 orbem:

144 3059 288 3135 tempore
311 3049 424 3114 eodem
448 3048 526 3112 aliut
548 3046 656 3116 faeere
678 3044 711 3108 id
732 3065 796 3111 non
819 3063 915 3129 posse
937 3049 1064 3128 putetur

145 3185 281 3250 eorpus,
299 3164 384 3247 q'uod
407 3183 535 3229 nassum
557 3147 684 3226 labatur
706 3160 827 3224 lumine
850 3160 1003 3242 semper?

145 3279 260 3360 solque
282 3299 358 3344 auos
381 3280 477 3344 etiam
499 3261 658 3342 dimittere
681 3274 851 3359 languidus
872 3274 956 3354 ignis

145 3403 289 3480 tempore
312 3399 367 3458 our
390 3400 474 3458 oerto
497 3396 654 3471 nequeat,
671 3407 879 3469 reoreareque
902 3388 1028 3472 lumen,
1061 3421 1072 3444 ·
1135 3405 1139 3417 ·

70 3533 120 3578 755
145 3531 217 3575 oum
239 3510 311 3574 looa
333 3507 496 3593 praeteriit
516 3503 653 3567 flammis
674 3501 790 3566 infesta
811 3519 869 3585 per
891 3517 1005 3577 auras,

146 3645 230 3708 quae
252 3623 372 3688 faciunt
393 3621 477 3704 ignis
499 3616 697 3698 interstingui
721 3621 817 3696 atque
839 3613 972 3699 perire?

147 3746 179 3803 et
201 3758 257 3803 our
279 3744 364 3804 terra
387 3743 485 3818 queat
506 3736 614 3800 lunam
637 3723 778 3817 spoliare
799 3729 938 3795 vioissim

147 3853 268 3918 lumino
291 3860 323 3918 et
345 3869 533 3934 oppressum
556 3849 655 3914 solem
679 3865 774 3929 super
797 3845 868 3930 ipsa
890 3851 1022 3930 tenere,

147 4035 348 4042 .——-.-—-

152 4156 201 4203 736
220 4154 318 4217 possint
336 4152 475 4203 omissum.
501 4147 513 4218 77
541 4152 588 4198 737
613 4149 710 4198 veneris
734 4145 747 4215 77
774 4151 823 4197 738
845 4147 946 4211 zephyri
971 4142 985 4213 77
1011 4147 1058 4193 742
1078 4143 1232 4192 Pulverunte
1251 4136 1265 4207 77

150 4251 176 4292 57
194 4241 334 4292 omissum„
356 4237 369 4306 77
391 4243 438 4288 747
454 4237 532 4288 Redit
551 4235 563 4302 77
584 4235 709 4286 oredimus
729 4231 742 4304 77
763 4235 831 4302 algi.
853 4232 866 4302 77
889 4235 938 4286 750
957 4232 1011 4282 flori
1032 4230 1043 4298 7
1067 4230 1115 4279 753
1135 4226 1231 4296 possis.
1253 4223 1265 4299 77

153 4329 202 4388 776
224 4327 311 4376 eadem
331 4321 345 4394 77
366 4328 412 4373 761
434 4325 527 4392 periri.
