3236 5020
689 342 733 406 111

146 533 289 597 suppus,
306 520 338 577 et
359 513 393 575 in
415 518 502 574 terra
524 512 640 576 mentis
663 510 715 592 qui
737 511 879 593 gignitur
900 520 1028 590 aestus,

146 628 228 692 inter
251 627 388 708 dumque
412 626 502 708 quasi
525 626 698 708 exurgendi
721 625 844 690 incerta
866 626 1034 691 voluntas.

61 765 118 811 175
148 762 226 823 ergo
250 761 436 825 corpoream
459 745 606 803 naturam
629 739 726 803 animi
751 759 821 804 csse
844 747 1026 825 necessest,

148 855 310 940 corporeis
334 853 485 935 quoniam
509 852 583 917 telis
605 853 731 934 ictuque
753 853 901 917 laborat.

185 970 219 1034 Is
242 969 299 1033 tibi
322 987 405 1032 nune
428 967 551 1052 animus
573 967 661 1049 quali
685 969 725 1032 sit
747 986 881 1050 corpore
904 973 936 1031 et
956 968 1040 1033 unde

146 1082 321 1150 constiterit
342 1101 473 1164 pergam
498 1081 653 1146 rationem
677 1080 812 1146 reddere
836 1081 949 1146 dictis.

146 1197 303 1282 principio
328 1193 398 1260 ess'e
422 1195 473 1259 aio
496 1196 703 1278 persuptilem
727 1200 823 1276 atque
846 1196 972 1261 minutis
997 1267 1000 1273 ,

67 1335 119 1380 rso
146 1331 302 1396 perquam
325 1309 510 1393 corporibus
532 1308 652 1372 factum
675 1316 841 1376 constare.
858 1309 891 1372 id
913 1311 958 1374 ita
981 1330 1052 1376 esse

146 1426 220 1490 hine
242 1425 319 1490 licet
341 1423 490 1488 advertas
512 1423 652 1486 animum
674 1429 709 1485 ut
729 1442 919 1506 pernoscere
938 1425 1064 1506 possis.

148 1540 192 1603 nil
216 1538 297 1604 adeo
322 1538 389 1602 fieri
411 1538 509 1603 celeri
532 1536 655 1600 ratione
678 1536 822 1612 videtur,

152 1673 246 1734 quam
269 1653 328 1717 sibi
351 1671 441 1716 mens
462 1648 533 1714 fieri
555 1649 705 1732 proponit
727 1655 759 1712 et
780 1650 909 1714 inchoat
929 1651 1021 1733 ipsa:

151 1767 237 1830 ocius
261 1786 336 1849 ergo
359 1766 483 1829 animus
507 1782 602 1844 quarn
625 1783 676 1828 res
698 1783 733 1828 se
754 1765 875 1848 perciet
898 1764 983 1846 ulla,

69 1905 123 1950 185
149 1887 221 1944 ante
243 1880 353 1944 oculos
377 1899 508 1960 quornm
531 1879 564 1941 in
586 1885 734 1963 promptu
756 1884 871 1944 nature
891 1879 1036 1946 videtur:

148 2003 182 2060 at
204 1993 288 2075 quod
311 1994 429 2058 mobile
451 1999 540 2057 tanto
565 1999 709 2077 operest,
726 2000 873 2059 constare
893 1995 1039 2061 rutundis

145 2129 298 2194 perquam
323 2108 498 2172 seminibus
521 2107 616 2172 debet
638 2127 857 2191 perquamque
881 2110 1029 2193 minutis,
1077 2102 1081 2110 ’

147 2224 285 2288 momine
309 2223 352 2285 uti
376 2243 476 2304 parvo
498 2221 623 2306 possint
644 2222 773 2303 inpulsa
793 2223 934 2288 moveri.

144 2357 283 2420 namque
305 2344 448 2401 movetur
470 2355 555 2417 aqua
578 2343 609 2399 et
631 2337 764 2400 tantillo¹
778 2337 915 2402 momine
938 2337 1044 2422 flutat,

69 2474 122 2520 190
148 2453 267 2536 quippe
288 2450 483 2516 volubilibus
501 2449 679 2531 «parvisque
702 2456 809 2514 ereata
831 2451 962 2532 figuris.

146 2573 179 2630 at
203 2571 314 2632 contra
337 2565 440 2629 mellis
461 2564 657 2629 constantior
680 2571 728 2629 est
751 2570 862 2627 natura

147 2687 178 2744 et
199 2680 281 2764 pigri
304 2679 415 2744 latices
437 2679 542 2760 magis
565 2687 596 2744 et
619 2678 794 2745 cunctatior
817 2684 928 2743 aetus:

148 2794 259 2859 haeret
281 2795 365 2858 enim
387 2794 468 2856 inter
491 2815 525 2859 se
549 2795 651 2878 magis
673 2794 775 2858 omnis
798 2793 944 2858 materiai

148 2908 261 2991 copia,
278 2909 311 2971 ni
334 2909 464 2991 mirum,
482 2909 556 2990 quia
579 2930 643 2973 non
666 2915 729 2972 tam
753 2909 875 2974 levibus
899 2916 986 2973 extat

70 3042 122 3088 195
149 3023 331 3106 corporibus
354 3044 458 3105 neque
481 3031 544 3088 tam
569 3024 739 3107 suptilibus
762 3031 857 3105 atque
878 3023 1042 3088 rutundis.

148 3157 286 3218 namque
308 3138 481 3223 papaveris
504 3159 582 3202 aura
605 3145 710 3223 potest
732 3157 892 3220 suspensa
915 3139 1057 3219 levisque

148 3271 262 3332 cogere
284 3259 319 3316 nt
341 3255 382 3317 ab
405 3273 527 3318 summo
550 3253 608 3317 tibi
630 3252 751 3316 diffluat
774 3253 857 3316 altus
883 3272 1036 3327 acervus,

148 3371 182 3428 at
203 3372 313 3430 contra
335 3367 478 3450 lapidum
501 3367 679 3432 conlectum
702 3366 829 3449 spiritus
853 3385 928 3429 acer

147 3499 253 3542 noenu
274 3486 397 3562 potest.
414 3482 510 3562 igitur
532 3481 723 3565 parvissima
746 3498 879 3561 corpora
901 3498 957 3562 pro
982 3497 1075 3559 quam

72 3615 122 3662 200
148 3599 180 3658 et
202 3592 364 3656 levissima
387 3601 479 3678 sunt,
497 3596 541 3661 ita
563 3595 741 3660 mobilitate
764 3593 929 3657 fruuntur:

149 3715 181 3771 at
204 3714 316 3772 contra
340 3727 422 3792 quae
446 3729 578 3793 cumque
601 3710 706 3791 magis
730 3729 798 3773 cum
821 3707 963 3790 pondere
985 3727 1102 3791 magno

147 3839 326 3905 asperaque
349 3821 568 3908 inveniuntur,
586 3846 624 3890 eo
648 3824 788 3890 stabilita
811 3822 912 3906 magis
935 3828 1026 3887 sunt.

150 3935 350 4020 nnnc-igitur
373 3935 523 4018 quoniam
548 3944 595 4002 est
617 3939 712 4004 animi
735 3945 848 4004 natura
863 3942 996 4021 ,reperta

155 4206 203 4254 173
223 4204 313 4254 Suavis
333 4202 462 4274 limentes
484 4201 496 4272 Η
519 4205 567 4252 176
586 4202 706 4265 Corporis
726 4203 739 4274 Η
762 4209 810 4256 183
829 4206 849 4257 si
871 4203 883 4276 Η
906 4206 954 4254 198
974 4203 1117 4259 coniectum
1135 4199 1271 4274 spicarum·

153 4307 218 4356 que.
240 4289 253 4362 Η
273 4297 323 4345 203
342 4301 379 4348 est
398 4294 538 4345 emmaum.
