3236 5020
349 348 388 411 72
604 391 608 396 -
898 341 927 404 Π

273 533 322 580 999
348 513 523 578 sollicitata
546 511 613 576 suis
634 509 797 594 trepidant
818 512 850 575 in
874 510 1005 575 sedibus
1028 511 1132 596 19999,

348 626 444 708 inque
466 627 572 690 locum
596 625 725 706 quando
749 627 943 709 remigrant,
961 625 994 688 fit
1017 625 1139 690 blanda
1159 627 1329 712 voluptas,

347 740 429 805 scire
452 741 528 805 licet
549 740 636 803 nullo
661 738 837 823 primordia
859 758 956 822 posse
979 738 1090 802 dolore

347 845 497 938 teinptari
519 854 705 936 nullamque
728 854 923 936 voluptatem
946 873 1062 936 capere
1086 871 1125 915 cx
1148 872 1203 936 se3

350 967 609 1050 quandoquidem
634 987 696 1029 non
720 973 813 1051 sunt,
831 987 870 1030 ex
892 967 966 1030 ullis
988 966 1217 1051 principiorum

273 1104 323 1151 cro
349 1081 557 1166 corporibus,
576 1101 709 1162 qnorum
733 1087 837 1146 motus
860 1083 999 1146 novitate
1020 1082 1168 1147 laborent

348 1196 566 1277 autaliquem
591 1194 726 1258 fructum
750 1195 879 1279 capiant
902 1196 1079 1261 dulcedinis
1101 1197 1226 1262 almae:

349 1312 427 1375 haut
449 1311 546 1392 igitur
568 1309 687 1373 debent
710 1329 780 1374 esse
804 1310 868 1375 ullo
890 1310 1038 1396 praedita
1060 1331 1179 1376 sensu.

386 1425 534 1506 Denique
557 1424 602 1488 uti
625 1424 748 1508 possint
771 1424 889 1488 sentire
912 1425 1064 1489 animalia
1088 1446 1253 1511 quaeque,

347 1539 514 1624 principiis
538 1539 563 1604 si
588 1539 652 1602 iam
676 1545 725 1602 est
746 1557 861 1602 sensus
883 1540 1070 1606 tribuendus
1093 1561 1223 1622 eorum,

273 1675 322 1722 999
349 1653 446 1735 quid,
463 1673 565 1735 genus
587 1654 759 1716 humanum
781 1654 947 1736 propritim
971 1656 1012 1719 de
1035 1655 1140 1735 quibu’
1164 1654 1341 1719 factumst?

347 1768 486 1852 scilicet,
506 1774 537 1831 et
560 1768 624 1832 risu
647 1768 781 1833 tremulo
806 1787 961 1832 concussa
984 1767 1175 1833 cachinnant

347 1889 378 1947 et
400 1882 541 1946 lacrimis
564 1889 720 1967 spargunt
741 1883 924 1946 rorantibus
948 1901 1004 1944 ora
1026 1902 1212 1965 genasque,

346 1998 508 2079 multaque
532 1996 573 2061 de
596 2018 701 2062 rernm
725 1997 860 2060 mixtura
882 1996 988 2059 dicere
1011 1997 1150 2078 callent,

345 2119 377 2176 99
400 2112 460 2176 sibi
482 2132 637 2196 proporro
662 2131 745 2193 quae
767 2112 830 2175 sint
853 2110 1029 2194 primordia
1052 2117 1233 2190 quaerunt3

271 2247 321 2294 999
348 2225 606 2308 qnandoquidem
630 2226 704 2290 totis
729 2225 916 2288 mortalibus
940 2222 1134 2288 adsimulata

347 2342 419 2425 ipsa
443 2359 569 2421 qnoque
591 2360 631 2403 ex
654 2340 726 2404 aliis
749 2339 867 2403 debent
891 2343 1037 2402 constare
1060 2339 1246 2417 elementis,

347 2455 421 2519 iude
445 2455 510 2562 alia
533 2475 574 2518 ex
597 2453 690 2538 aliie,
707 2474 864 2536 nusquam
890 2453 1062 2518 consistere
1085 2424 1248 2520 utensis:

346 2571 464 2654 quippe
488 2589 623 2654 sequar,
644 2571 729 2652 quod
755 2589 888 2651 cumque
911 2568 1000 2650 loqui
1022 2570 1191 2651 ridereque
1213 2571 1302 2636 dices

347 2692 378 2749 99
401 2703 535 2768 sapere,
552 2704 592 2749 ex
614 2685 688 2749 aliis
711 2684 823 2748 eadem
847 2683 928 2748 haec
950 2683 1141 2750 facientibus
1164 2691 1198 2748 99
1220 2685 1281 2750 sit.

271 2818 321 2865 999
349 2797 433 2879 quod
456 2798 483 2862 si
506 2798 609 2863 delira
630 2798 711 2863 haec
734 2798 919 2879 furiosaque
943 2799 1102 2862 cernimus
1125 2818 1216 2883 esse,

347 2919 378 2976 et
400 2913 503 2977 ridere
524 2919 631 2997 potest
653 2934 716 2977 non
739 2933 780 2977 ex
801 2913 969 2976 ridentibn'
993 2913 1118 2996 factus,

347 3033 378 3090 et
401 3047 514 3111 sapere
538 3035 569 3091 99
591 3028 693 3092 doctis
715 3029 872 3092 rationem
894 3028 1029 3094 reddere
1052 3029 1145 3094 dictis

346 3161 409 3204 non
433 3161 473 3205 ex
495 3142 668 3207 seminibus
691 3143 890 3227 sapientibus
913 3151 1009 3225 atque
1033 3143 1180 3226 disertis,

347 3256 400 3340 qui
426 3255 528 3321 minus
552 3275 624 3321 9999
647 3265 764 3337 queant
786 3278 825 3323 ea
848 3277 933 3341 qnae
956 3258 1074 3322 sentire
1096 3257 1240 3322 videmus

271 3389 321 3436 999
350 3370 525 3434 seminibus
546 3371 703 3454 permixta
725 3373 906 3438 carentibus
928 3372 1070 3453 undique
1094 3373 1216 3435 sensu?

385 3483 533 3564 Denique
557 3484 687 3548 caelesti
711 3506 818 3551 sumus
842 3504 953 3549 omnes
976 3485 1097 3550 semine
1120 3485 1266 3550 oriundi:

348 3597 494 3662 omnibns
516 3597 571 3662 ille
594 3597 677 3662 idem
702 3606 792 3684 pater
815 3606 881 3680 est,
899 3597 984 3662 unde
1008 3599 1093 3662 alma
1119 3599 1269 3682 liquentis

345 3713 464 3776 umoris
486 3717 593 3796 guttas
615 3719 716 3777 mater
739 3735 810 3778 curn
832 3719 919 3777 terra
940 3712 1082 3794 recepit,

346 3825 414 3890 feta
436 3827 521 3910 parit
543 3826 661 3890 nitidas
684 3827 794 3908 fruges
819 3827 1012 3906 arbustaque
1035 3827 1121 3892 laeta

272 3960 321 4007 999
347 3947 379 4006 99
400 3961 503 4024 genus
525 3941 719 4024 humanum,
736 3940 821 4023 parit
844 3938 951 4002 omnia
973 3942 1079 4006 saecla
1101 3942 1261 4021 ferarum,

350 4219 399 4265 966
419 4216 450 4263 19
469 4230 519 4276 quo
541 4211 555 4280 l}
576 4215 626 4262 915
646 4221 787 4262 auctnmst.
810 4211 823 4282 Η
844 4218 892 4266 977
912 4227 1022 4280 pangunt
1042 4219 1055 4285 ΙΙ
1078 4223 1127 4269 989
1147 4220 1181 4267 ali
1200 4234 1233 4268 ex
1252 4216 1265 4288 Η
1287 4222 1336 4269 985
1356 4220 1438 4269 detira
1457 4216 1471 4288 ll

349 4304 399 4350 986
419 4309 524 4348 auctus.
1243 4311 1246 4316 '
