3266 4994
716 403 760 466 lll
1238 403 1298 467 107

99 599 149 644 soa
176 577 246 661 ipse
269 594 395 658 quoqne
418 595 490 640 csse
512 575 545 639 in
570 593 608 639 eo
631 579 698 638 tum
720 578 883 656 tempore,
900 569 949 634 cui
972 570 1057 634 male
1079 571 1180 653 possit

175 688 320 754 accidere
335 715 341 754 :
357 689 389 753 id
413 689 565 771 quoniam
588 708 674 751 mors
696 686 824 769 eximit,
842 701 975 766 esseque
998 685 1111 768 probet

174 802 264 866 illum
288 803 338 867 cui
361 804 486 888 possint
507 800 709 866 incommoda
731 798 913 876 conciliari,

96 938 149 984 888
176 918 256 982 scire
278 917 354 982 licet
375 916 469 982 nobis
492 917 535 979 nil
558 935 629 981 csse
652 916 685 979 in
706 921 807 979 morte
829 913 1024 996 timendum,

175 1051 234 1097 nec
256 1031 408 1096 miserum
430 1031 497 1095 fieri
520 1031 573 1112 qui
597 1050 661 1093 non
685 1035 732 1094 cst
755 1047 870 1111 posse,
886 1047 991 1111 nequo
1014 1027 1112 1091 hilum

116 1137 128 1146 ’
174 1145 302 1210 differre
324 1150 399 1208 ante
421 1145 486 1208 ullo
509 1145 602 1210 suerit
622 1145 686 1208 iarn
708 1149 850 1227 tempore
872 1147 987 1225 natus,

174 1258 342 1323 mortalem
364 1259 463 1323 vitam
486 1279 571 1324 mors
593 1279 662 1323 cum
686 1257 862 1322 inmortalis
885 1256 1025 1321 ademit.

96 1395 150 1440 aro
218 1372 358 1436 Proinde
379 1372 433 1436 ubi
456 1392 491 1436 se
512 1371 623 1437 videas
645 1370 806 1434 hominem
829 1370 1028 1453 indignarier
1050 1371 1173 1455 ipsum,

174 1493 247 1571 post
269 1493 401 1551 mortem
423 1484 492 1551 fore
515 1489 549 1547 ut
571 1489 627 1547 aut
648 1489 794 1566 putescat
817 1502 948 1567 corpore
971 1491 1063 1567 posto

174 1607 229 1666 aut
251 1599 387 1664 flammis
409 1597 547 1664 interfiat
568 1595 703 1661 malisve
724 1597 884 1682 ferarum,

174 1717 254 1781 scire
277 1715 350 1779 licct
372 1734 436 1778 non
460 1712 618 1776 sincerum
642 1731 774 1796 sonere,
791 1717 885 1794 atque
907 1712 1040 1778 subesse

174 1849 303 1894 caccum
327 1828 466 1909 aliquem
490 1825 578 1891 cordi
601 1826 781 1909 stimulum,
799 1827 945 1907 quamvis
966 1833 1061 1910 neget
1082 1827 1153 1911 ipse

96 1965 147 2012 888
174 1944 304 2009 credere
328 1961 363 2007 se
386 1960 577 2024 quemquam
601 1940 662 2006 sibi
684 1960 812 2005 sensnm
836 1941 866 2004 in
889 1947 990 2006 morte
1011 1939 1171 2006 futurum:

172 2077 236 2120 non
250 2108 257 2134 ‚
273 2061 309 2121 ut
331 2056 462 2139 opinor,
479 2055 562 2120 enim
586 2054 643 2118 dat
686 2057 749 2120 uod
772 2056 978 2140 promittitct
1000 2056 1105 2142 unde,

173 2190 234 2236 neo
256 2169 407 2236 radicitus
429 2189 448 2235 e
470 2170 536 2236 vita
559 2189 594 2235 sc
617 2075 700 2235 solil
721 2177 752 2235 ct
774 2171 866 2248 eicit,

175 2285 231 2351 sed
253 2285 331 2349 facit
353 2303 424 2350 esse
447 2285 493 2349 sui
518 2284 670 2366 quiddam
695 2303 790 2369 snper
811 2285 931 2350 inscius
953 2286 1042 2370 ipse.

171 2399 262 2464 vivus
284 2399 368 2464 cnim
389 2399 450 2464 sibi
474 2419 545 2463 cum
567 2399 717 2482 proponit
740 2400 874 2482 quisque
896 2399 1055 2477 futurum,

95 2534 147 2582 888
173 2534 288 2597 corpus
312 2512 356 2578 uti
378 2514 526 2578 volucres
549 2513 691 2578 lacerent
712 2513 744 2576 in
766 2521 869 2580 morte
892 2515 1063 2599 seraeque,

172 2628 240 2712 ipsc
264 2628 312 2693 sni
334 2627 479 2692 miseret:
496 2648 601 2711 neque
624 2627 706 2692 enim
731 2648 765 2692 se
788 2628 901 2694 dividit
922 2629 1001 2692 illim

172 2761 230 2806 nec
251 2749 394 2808 removet
417 2742 515 2820 saris,
532 2763 552 2807 a
575 2743 716 2828 proiecto
740 2763 890 2828 corpore,
909 2749 940 2808 ct
961 2744 1049 2808 illurn

171 2877 206 2922 88
229 2857 319 2940 fingit
340 2876 501 2939 sensuque
524 2879 582 2924 sno
605 2859 800 2923 contaminat
822 2864 951 2924 astans:

170 2970 242 3036 hinc
265 2971 448 3055 indignatur
470 2991 505 3038 se
529 2974 695 3038 mortalem
719 2993 790 3044 esso
813 2981 974 3052 creatum,

93 3105 145 3152 888
170 3105 230 3151 nce
252 3086 339 3152 videt
359 3087 392 3151 in
414 3107 490 3152 vera
512 3089 632 3153 nullum
654 3088 724 3156 fore
748 3097 846 3156 morte
869 3091 965 3156 alium
990 3112 1044 3176 se,

170 3200 222 3281 qni
245 3201 347 3285 possit
369 3201 460 3268 vivus
483 3203 543 3269 sibi
566 3223 601 3269 88
623 3205 732 3288 lugere
755 3212 974 3290 peremptum,

168 3320 321 3397 stansque
343 3318 500 3383 iacentem
523 3339 557 3383 sc
580 3318 716 3383 lacerari
739 3320 828 3386 urive
852 3319 981 3384 dolere.

169 3448 242 3492 nam
266 3431 293 3494 si
315 3431 348 3494 in
371 3439 470 3498 morte
494 3433 644 3498 malumst
667 3434 761 3498 malis
783 3451 955 3514 morsuque
977 3432 1119 3498 ferarum

170 3545 321 3630 tractari,
338 3565 401 3610 non
424 3546 551 3612 invenio
576 3548 630 3629 qui
653 3567 717 3613 non
740 3547 780 3612 sit
803 3547 954 3612 acerbum

91 3674 143 3723 sao
168 3655 293 3740 ignibus
316 3661 490 3746 inpositum
513 3661 626 3727 calidis
648 3667 824 3727 torrescere
846 3659 1001 3746 flammis,

168 3774 278 3838 autin
301 3776 394 3840 mellc
416 3775 510 3840 situm
534 3776 685 3842 suffocari
706 3782 803 3858 atque
826 3777 930 3859 ligere

167 3954 368 3968 -·—————-

174 4074 224 4122 863
237 4089 299 4124 mox
319 4071 332 4143 Η
352 4075 476 4140 prohibe.
496 4071 509 4144 Η
526 4053 580 4125 ’868
594 4078 698 4127 annullo
711 4080 788 4129 anulo
809 4077 822 4148 Η
843 4083 891 4129 871
912 4088 984 4142 putes
1003 4077 1016 4148 Η
1037 4083 1087 4130 873
1100 4097 1134 4130 no
1154 4078 1168 4148 Η
1188 4082 1237 4128 877
1251 4094 1291 4128 ra·

171 4159 273 4211 dicitius
294 4159 307 4232 Η
327 4164 378 4214 880
391 4163 504 4216 iacerent
524 4160 537 4232 Η
559 4166 608 4213 886
622 4164 670 4216 Oui
692 4162 705 4234 Η
726 4167 775 4216 887
790 4181 816 4218 88
828 4166 968 4218 omissum.
989 4164 1002 4236 Η
1022 4163 1155 4234 (181888.Η
1176 4168 1227 4215 890
1241 4173 1291 4218 tor·

171 4261 309 4305 rercsecere
