3236 5020
360 359 403 428 50
906 357 935 422 il

358 522 391 588 id
414 523 491 588 iacit
512 524 662 605 exiguum
685 526 846 592 clinamen
868 526 1095 611 principiorum

358 655 418 702 nec
440 639 573 720 regione
594 637 656 704 loci
679 646 766 706 certa
788 661 848 706 000
870 647 1012 725 tempore
1034 646 1141 706 certo.

398 751 466 816 Nec
489 753 605 836 stipata
627 753 732 835 magis
754 753 813 818 luit
835 773 986 835 umquam
1009 753 1155 818 materiai

284 884 334 931 333
360 865 453 949 eopia
475 886 535 930 nec
555 887 650 950 porro
674 867 850 934 maioribus
873 868 1071 934 intervallis:

358 998 432 1042 nem
453 997 558 1061 neque
580 980 769 1062 adaugescit
791 983 960 1063 quicquam
984 1002 1087 1063 neque
1110 982 1233 1066 depcrit
1254 982 1350 1048 inde.

360 1099 576 1177 quapropter
598 1114 660 1175 quo
683 1096 821 1160 000010
844 1101 931 1159 motu
954 1096 1179 1180 principiorum

357 1225 493 1288 corpora
516 1214 607 1290 sunt,
624 1208 655 1271 in
679 1207 790 1273 eodem
814 1217 887 1274 ante
910 1217 984 1274 acta
1006 1215 1113 1274 aetate
1135 1208 1223 1274 fuere

359 1324 390 1383 et
412 1318 589 1402 posthaec
612 1340 738 1404 semper
760 1324 855 1387 simili
877 1325 1000 1388 ratione
1023 1323 1183 1403 ferentur,

283 1451 333 1498 300
359 1440 390 1496 et
412 1453 494 1514 quae
517 1437 700 1500 consuerint
721 1437 809 1520 gigni
832 1439 1003 1521 gignentur
1026 1437 1138 1500 eadem

358 1545 545 1611 condicione
569 1554 601 1612 et
624 1557 714 1613 eruut
736 1557 768 1615 et
789 1558 933 1618 crescent
953 1553 1048 1632 rique
1074 1550 1246 1632 valebunt,

359 1667 509 1758 quantum
533 1662 645 1742 cuique
668 1663 776 1729 datum
798 1673 847 1730 est
868 1687 926 1750 per
948 1665 1082 1730 foedera
1101 1665 1246 1728 naturai.
1385 1715 1398 1746 ,

357 1793 416 1838 000
438 1795 541 1838 rerum
564 1796 718 1842 summam
741 1787 934 1846 commutare
956 1780 1022 1842 ulla
1044 1784 1149 1863 potest
1169 1778 1238 1842 vis:

358 1909 432 1952 nam
454 1910 557 1971 neque
580 1911 643 1972 quo
666 1894 768 1976 possit
789 1911 891 1976 genus
912 1893 1011 1956 ullum
1032 1893 1177 1956 materiai

281 2021 331 2068 300
357 2004 498 2086 effugere
521 2027 558 2069 ex
582 2006 668 2070 omui
692 2006 861 2087 quiequam
884 2013 948 2088 est,
965 2025 1070 2087 neque
1093 2007 1126 2069 iu
1149 2027 1241 2071 omne
1265 2027 1405 2072 seorsum

357 2120 442 2184 unde
465 2129 574 2186 coorta
596 2127 693 2202 queat
715 2140 798 2185 nova
819 2120 869 2183 ris
891 2119 1071 2203 inrumpere
1094 2128 1124 2184 et
1146 2141 1273 2186 omnem

355 2240 500 2298 nat-uram
523 2255 624 2298 rerum
649 2240 771 2300 mutare
794 2239 826 2298 et
849 2240 972 2298 vertere
995 2241 1119 2300 motus.

392 2348 476 2411 lllud
498 2350 530 2411 in
554 2347 604 2412 his
626 2349 721 2412 rebus
743 2368 807 2412 000
831 2353 879 2411 est
899 2348 1063 2428 mirabile,
1081 2367 1200 2431 quare,

354 2461 463 2525 omnia
488 2482 558 2526 cum
579 2481 685 2527 rerum
706 2462 881 2545 primordia
903 2462 1019 2526 sintin
1041 2470 1148 2544 motu,

279 2594 330 2640 310
354 2596 478 2639 summa
500 2583 607 2639 tamen
631 2596 754 2640 summa
777 2577 921 2642 videatur
943 2583 1028 2642 stare
1053 2576 1176 2658 quiete,

354 2698 482 2773 praeter
504 2710 596 2770 quam
621 2689 725 2772 siquid
748 2691 877 2773 proprio
900 2691 957 2754 dat
979 2710 1112 2774 corpore
1134 2695 1259 2754 motus.

319 2848 321 2854 ·
355 2804 457 2868 omnis
480 2804 565 2868 enim
587 2805 684 2885 longe
707 2805 822 2868 nostris
846 2805 887 2868 ab
909 2804 1056 2868 sensibus
1078 2804 1161 2867 infra

354 2919 526 3001 primorum
548 2923 663 2982 natura
684 2919 785 3000 iacet3
803 2939 867 3000 qua
889 2924 1036 3001 propter,
1053 2917 1107 2980 ubi
1130 2919 1200 3000 ipsa

353 3051 483 3096 cernere
504 3032 568 3096 iam
590 3052 752 3117 nequeas,
768 3040 872 3098 motus
896 3052 1022 3114 quoque
1045 3051 1175 3116 surpere
1199 3033 1335 3108 debent;

279 3166 328 3212 315
352 3146 539 3228 praesertim
562 3166 752 3227 cum,quae
776 3147 935 3230 possimus
957 3167 1109 3222 cernere,
1126 3147 1230 3211 celent

353 3280 452 3343 saepe
473 3267 580 3324 tamen
601 3270 723 3341 motus,
741 3263 846 3344 spatio
872 3260 1000 3324 diducta
1022 3261 1183 3325 locorum.

353 3395 425 3438 nam
448 3395 548 3459 saepe
570 3378 604 3439 iu
627 3377 700 3441 colli
722 3375 893 3440 tondentes
915 3376 1033 3457 pabula
1054 3374 1141 3438 laeta

352 3489 517 3570 lanigerae
539 3498 664 3573 reptant
685 3490 827 3574 pecudes
850 3476 912 3570 000
936 3508 1095 3570 quamque
1116 3496 1268 3554 vocantes

348 3604 484 3667 invitant
507 3606 623 3670 herbae
646 3611 843 3689 gemmantes
867 3621 938 3668 rore
960 3603 1098 3679 recenti,

277 3737 328 3784 320
354 3725 385 3782 et
406 3719 513 3783 satiati
536 3720 610 3802 agni
634 3718 744 3781 ludunt
766 3719 947 3798 blandeque
971 3724 1157 3796 coruscant3

352 3833 460 3898 omma
483 3853 566 3914 quae
591 3834 683 3897 nobis
704 3833 801 3912 louge
825 3831 957 3894 confusa
979 3830 1126 3896 videntur

351 3953 383 4012 et
404 3947 455 4012 vel
478 3948 565 4011 utin
587 3946 681 4012 viridi
704 3945 823 4011 candor
845 3946 1018 4012 consistere
1041 3948 1135 4013 colli.

353 4215 404 4264 234
428 4213 477 4262 iult
496 4211 511 4282 11
531 4216 578 4264 301
604 4213 680 4276 vique
701 4209 714 4280 Η
736 4214 785 4262 305
809 4213 836 4262 in
859 4228 962 4266 omnes.
984 4211 998 4283 Η
1017 4217 1068 4265 313
1092 4213 1190 4278 ipsum.
1211 4209 1224 4281 11
1245 4215 1296 4263 314
1319 4226 1438 4278 usurpere
1458 4211 1472 4286 ΙΙ

355 4303 405 4354 300
425 4317 501 4362 quam
520 4299 533 4368 0
555 4304 606 4350 330
624 4303 701 4352 caua
721 4297 734 4372 ΙΙ
755 4303 804 4350 332
825 4302 862 4354 uti
984 4289 995 4294 ”
