3236 5020
352 387 394 455 02
900 383 929 449 11

277 577 327 624 680
351 554 506 635 religione
529 552 669 616 animum
692 554 774 637 turpi
798 555 983 636 contingere
1005 559 1134 636 parcat.

277 692 328 738 660
395 669 501 750 Saepe
523 668 632 747 itaque
654 685 695 731 ex
717 687 780 733 uno
803 669 974 733 tondentes
996 668 1144 748 gramina
1166 687 1279 751 campo

268 777 270 782 ’
349 783 512 865 lanigerae
533 781 674 864 pecudes
699 789 729 845 et
751 801 902 863 equorum
924 781 1063 846 duellica
1085 783 1191 865 proles

353 895 563 976 buceriaeque
585 913 699 978 greges
721 893 834 959 eodem
858 897 917 960 sub
940 895 1079 978 tegmine
1101 896 1184 960 caeli

352 1031 393 1076 ex
416 1029 543 1090 unoque
565 1008 648 1072 sitim
670 1009 825 1074 sedentes
846 1009 975 1074 flumine
994 1009 1091 1090 aquai

353 1123 498 1188 dissimili
518 1123 627 1187 vivont
647 1123 774 1206 specie,
790 1123 991 1206 retinentque
1013 1129 1183 1206 parentum

277 1258 327 1305 666
352 1241 499 1300 naturam
522 1242 554 1300 et
576 1255 679 1300 mores
702 1237 880 1317 generatim
903 1255 1047 1319 quaeque
1070 1237 1253 1301 imitantur.

352 1357 442 1416 tanta
465 1358 532 1426 est,
549 1349 582 1413 in
606 1351 719 1432 quovis
741 1370 860 1431 genere
882 1350 1022 1429 herbae,
1040 1351 1188 1418 materiai

352 1464 516 1530 dissimilis
538 1465 640 1546 ratio,
657 1470 747 1530 tanta
769 1472 818 1530 est
839 1465 872 1528 in
893 1465 1021 1531 flumine
1045 1485 1193 1548 quoque.

351 1580 425 1643 hine
447 1599 542 1662 porro
566 1580 711 1661 quamvis
734 1581 926 1644 animantem
949 1599 988 1644 ex
1012 1580 1158 1644 omnibns
1181 1600 1277 1645 unam

352 1713 428 1757 ossa
449 1712 541 1757 cruor
562 1713 664 1757 venae
687 1695 774 1758 calor
796 1715 887 1758 umor
908 1694 1032 1759 viscera
1055 1696 1144 1760 nervi

278 1826 328 1872 oro
354 1806 568 1888 constituunt3
586 1826 668 1889 quae
691 1814 764 1871 sunt
783 1828 879 1890 porro
903 1807 1053 1872 distantia
1075 1809 1193 1888 longe,

352 1919 500 1984 dissimili
520 1921 663 2004 perfecta
685 1921 787 2001 figura
809 1922 1056 2004 principiorum.

351 2040 417 2098 tum
440 2055 534 2116 porro
557 2055 641 2116 quae
664 2055 799 2115 cumque
820 2036 886 2116 igni
909 2035 1069 2099 flammata
1092 2041 1290 2111 cremantur,

354 2149 379 2212 si
403 2148 447 2210 nil
469 2156 656 2231 praeterea,
672 2155 778 2213 tamen
801 2149 881 2214 haec
903 2149 936 2212 in
959 2168 1093 2232 corpore
1117 2148 1243 2225 celant,

353 2260 437 2325 unde
460 2261 566 2344 ignem
588 2263 694 2326 iacere
717 2260 875 2326 etlumen
898 2263 1090 2326 summittere
1113 2263 1238 2346 possint

279 2395 329 2442 075
355 2376 574 2457 scintillasque
596 2395 694 2458 agere
716 2396 757 2440 66
779 2377 842 2440 late
865 2375 992 2441 differre
1014 2375 1177 2440 favillam.
1250 2427 1256 2444 .

354 2495 461 2554 cetera
485 2490 641 2555 consimili
663 2491 776 2554 mentis
799 2489 921 2554 ratione
942 2510 1118 2572 peragrans
1289 2515 1303 2542 ο

354 2605 497 2669 invenies
520 2604 615 2687 igitur
635 2603 803 2667 multarum
824 2603 947 2668 semina
971 2623 1074 2668 rernm

354 2737 487 2802 corpore
511 2718 617 2783 celare
639 2724 672 2782 et
693 2719 798 2782 varias
821 2717 973 2784 cohibere
995 2717 1135 2801 figuras.

355 2832 492 2912 denique
515 2833 613 2894 multa
635 2832 746 2913 vides,
770 2831 886 2912 quibus
908 2839 940 2895 et
961 2831 1049 2895 color
1071 2837 1103 2896 et
1125 2851 1224 2915 sapor
1246 2851 1311 2896 una

280 2967 327 3013 081
354 2945 480 3010 reddita
503 2950 576 3009 sunt
597 2964 669 3008 cum
691 2944 809 3028 odore,
826 2946 859 3008 in
881 2945 978 3027 privis
1002 2947 1156 3028 pluraque
1180 2945 1285 3009 dona.
1380 2977 1384 2984 ·

355 3061 437 3124 haec
458 3059 554 3140 igitur
575 3059 672 3122 variis
696 3061 814 3124 debent
836 3062 983 3124 constare
1006 3059 1135 3142 liguris:

355 3173 449 3238 nidor
472 3174 557 3236 enim
579 3178 726 3255 penetrat
748 3191 810 3253 qua
832 3173 923 3238 sucus
945 3194 1010 3237 non
1032 3175 1056 3236 it
1076 3174 1111 3236 in
1134 3181 1240 3255 artus,

353 3287 445 3351 fucus
469 3288 544 3350 item
568 3305 709 3369 sorsum,
726 3307 851 3351 sorsum
874 3308 972 3372 sapor·
994 3287 1172 3352 insinuatur

280 3423 330 3469 685
356 3401 502 3466 sensibus
516 3423 523 3477 ;
538 3406 572 3462 ut
595 3419 710 3465 noscas
732 3401 831 3483 privis
855 3402 984 3466 differre
1005 3401 1136 3482 figuris.

354 3515 525 3579 dissimiles
547 3515 641 3597 igitur
663 3514 785 3578 formae
807 3516 1028 3596 glomeramen
1049 3515 1081 3577 in
1106 3533 1201 3576 unum

355 3629 566 3705 conveniunt,
583 3637 615 3692 et
637 3649 687 3692 res
709 3629 865 3712 permixto
889 3629 1010 3694 semine
1031 3633 1227 3690 constant..-

355 3743 430 3823 quin
453 3744 547 3834 etiam
569 3743 689 3827 passim
712 3743 827 3807 nostris
850 3743 883 3806 in
905 3741 1050 3807 versibus
1073 3740 1152 3823 ipsis
1190 3770 1192 3774 ¹

355 3856 455 3920 multa
478 3858 635 3921 elementa
657 3855 750 3920 vides
773 3856 879 3922 multis
901 3855 1081 3919 communia
1104 3855 1229 3933 verbis,

356 4039 557 4047 m...-

359 4156 410 4204 680
433 4163 539 4218 parato.
560 4151 645 4222 11663
669 4153 782 4202 sedentes
802 4149 816 4221 Η
836 4156 887 4204 664
910 4153 1033 4208 retinente
1055 4165 1174 4221 parente.
1195 4151 1210 4224 Η
1231 4157 1281 4206 668
1304 4171 1371 4204 666.
1392 4149 1406 4222 ΙΙ
1427 4157 1478 4204 673

357 4241 505 4290 traduntur.
527 4239 538 4304 ll
560 4242 611 4287 674
629 4240 688 4302 igne
709 4241 723 4306 Η
743 4241 792 4288 681
812 4242 900 4305 primis
921 4244 1041 4307 pleraque
1061 4241 1074 4310 ΙΙ
1096 4245 1239 4292 68366666
1259 4240 1273 4311 ΙΙ
1293 4243 1344 4292 084
1363 4241 1445 4309 86666
1465 4241 1479 4310 Η

359 4341 456 4376 sorsum
474 4325 569 4376 cernel.
590 4327 601 4394 ll
624 4328 673 4375 680
692 4327 779 4392 prImis
