3240 5010
352 377 415 442 230
713 405 717 416 ·
899 375 939 438 Vl

353 549 494 626 crescat,
511 544 566 607 ubi
589 543 621 607 iu
645 563 777 628 campos
800 546 891 610 albas
915 545 1112 612 descendere
1135 547 1272 630 ningues

353 657 488 723 tabificis
513 658 633 740 subigit
654 657 754 724 radiis
777 660 826 724 001
849 661 956 725 omnia
978 662 1137 726 lustrans.

392 772 487 838 Nunc
510 793 572 854 age
586 823 593 858 ,
609 773 738 838 Averna
760 772 815 837 tibi
841 795 922 855 quae
946 775 1102 841 01011000
1125 796 1259 858 curaque
1281 776 1438 858 lacusque

355 888 544 973 expediam,
562 889 648 969 quali
672 897 788 952 natura
810 889 959 972 praedita
981 896 1146 956 constent.

282 1023 331 1070 740
354 1003 531 1086 principio,
549 1023 610 1085 quo
634 1006 760 1068 Averna
780 1009 936 1069 vocantur
958 1006 1105 1084 nomino,
1122 1005 1155 1070 id
1178 1005 1220 1070 ab
1243 1025 1277 1071 re

354 1118 577 1202 iupositumst,
595 1118 671 1199 quia
694 1125 767 1181 sunt
789 1119 902 1184 avibus
926 1121 1086 1184 contraria
1108 1121 1250 1199 cunctis,

347 1226 373 1298 Ι0
396 1235 528 1317 regione
551 1253 591 1298 00
614 1232 700 1314 quod
722 1233 796 1297 loca
820 1253 889 1297 cum
911 1254 1028 1299 700070
1051 1236 1216 1320 volantes,

355 1348 466 1428 remigi
490 1348 610 1412 oblitae
633 1367 807 1431 pennarum
831 1350 904 1443 vela
927 1350 1111 1428 remittunt,

355 1463 613 1546 praecipitesque
636 1463 755 1527 eadunt
778 1463 864 1528 molli
888 1465 1011 1529 0077100
1034 1464 1184 1548 profusae

283 1597 332 1643 745
357 1577 389 1640 10
413 1584 548 1661 1077070,
567 1579 592 1641 01
617 1577 766 1642 10710110
789 1578 852 1642 fert
874 1587 986 1644 001070
1009 1580 1171 1664 locorum,

356 1692 464 1756 autin
488 1676 627 1773 aquam,
645 1700 693 1758 est
715 1693 742 1758 si
765 1694 847 1759 forte
872 1696 959 1759 lacus
982 1696 1160 1759 substratus
1183 1696 1318 1760 Averni.

356 1807 384 1870 is
405 1807 496 1870 locus
519 1813 567 1872 001
590 1807 708 1872 Cumas
729 1813 827 1893 aput,
843 1811 907 1874 acri
932 1811 1061 1894 sulpure
1085 1815 1209 1874 montes

356 1921 477 2004 oppleti
501 1922 613 1986 calidis
637 1924 690 1987 ubi
714 1924 837 1988 1070001
858 1923 1000 1988 fontibus
1023 1923 1127 1988 aucti:

356 2017 406 2100 001
428 2043 461 2099 ut
483 2036 657 2101 Athenaeis
679 2039 711 2101 iu
735 2039 924 2120 moenibus,
942 2039 1026 2102 arcis
1048 2038 1081 2102 in
1104 2040 1176 2122 ipso

282 2172 342 2248 usq
357 2151 493 2226 vertice,
511 2152 651 2216 Palladis
675 2153 716 2216 ad
740 2154 891 2236 templum
915 2153 1090 2218 Tritonidis
1113 2154 1238 2238 almae,

355 2287 417 2348 quo
440 2287 611 2348 numquam
635 2268 751 2350 pennis
775 2268 940 2352 appellunt
962 2289 1096 2351 corpora
1118 2288 1236 2333 raucae

356 2381 518 2464 cornices,
536 2399 604 2444 nou
622 2402 694 2447 cum
716 2381 841 2448 fumant
864 2384 980 2448 altaria
1002 2384 1115 2448 donis:

356 2516 457 2578 usque
480 2496 561 2561 adeo
585 2496 723 2581 fugitant
745 2520 808 2562 non
831 2499 895 2564 iras
920 2498 1062 2564 Palladis
1085 2499 1167 2563 00710

356 2611 503 2694 pervigili
527 2631 643 2696 causa,
661 2611 792 2676 Graium
814 2619 848 2676 ut
870 2612 1012 2676 cecinere
1035 2619 1170 2696 poetae,

283 2747 331 2792 755
356 2727 413 2790 sed
438 2726 638 2790 0010701001
661 2727 692 2790 vi
713 2728 785 2791 ibus
809 2725 908 2790 officit
929 2727 1001 2809 ipsa
1025 2735 1159 2811 suapte.

259 2843 261 2847 '
355 2841 386 2903 iu
411 2840 506 2923 Syria
529 2860 655 2922 quoque
678 2841 777 2904 fertur
798 2842 873 2906 item
896 2843 985 2907 locus
1009 2863 1079 2907 esse
1102 2841 1225 2918 videri,

356 2955 571 3037 quadripedes
595 2975 719 3036 quoque
743 2976 804 3036 quo
828 2956 921 3020 simul
945 2978 984 3020 00
1005 2957 1142 3038 vestigia
1164 2957 1298 3039 primum

357 3069 537 3143 intulerint,
555 3069 696 3149 graviter
718 3071 766 3134 vis
789 3077 886 3151 cogat
908 3071 1077 3136 concidere
1101 3071 1192 3152 ipsa,

357 3183 501 3246 manibus
523 3189 558 3247 ut
580 3184 606 3246 si
628 3184 663 3246 fit
685 3183 767 3248 divis
789 3184 936 3250 mactatu’
960 3189 1112 3268 repente.

282 3317 331 3362 760
356 3297 463 3361 omnia
486 3319 568 3379 quae
591 3299 729 3363 naturali
751 3301 876 3364 ratione
899 3307 1073 3380 geruntur,

356 3417 387 3474 et
410 3410 526 3493 quibus
549 3410 659 3476 efflant
680 3415 784 3478 causis
807 3418 945 3497 apparet
968 3412 1081 3494 origo;

355 3525 514 3590 1000000
538 3525 645 3590 Ρο1010
670 3528 741 3592 0701
765 3527 952 3608 regionibus
975 3547 1047 3593 esse

356 3638 521 3714 credatur,
537 3648 610 3724 post
633 3642 706 3705 hinc
728 3642 853 3706 animas
875 3641 1065 3706 Acheruntis
1087 3641 1119 3704 in
1144 3661 1217 3704 oras

357 3757 472 3818 ducere
495 3757 574 3820 i'orte
597 3757 676 3821 deos
698 3757 802 3820 manis
824 3757 945 3820 1010700
969 3776 1114 3832 reamur,

355 3956 555 3964 ———-—

361 4091 409 4136 736
430 4089 501 4136 011700
520 4089 640 4137 decedere
664 4084 677 4154 11
704 4089 753 4135 746
777 4087 844 4149 quod
871 4084 883 4152 11
911 4088 960 4134 743
979 4086 1099 4149 Remigio
1126 4083 1138 4156 11
1166 4089 1215 4136 746
1239 4093 1276 4136 001
1298 4088 1438 4138 omissum.
1463 4084 1477 4155 11

359 4175 485 4223 subiratus
505 4173 518 4243 11
542 4171 787 4241 7470071001170711
809 4175 857 4221 749
872 4181 896 4222 01
916 4169 928 4242 11
949 4172 1049 4240 1710011
1073 4175 1232 4237 7540101070
1252 4170 1265 4241 11
1289 4174 1401 4222 7551001
1416 4189 1480 4236 opus

358 4263 438 4310 ellicit
464 4259 477 4328 11
499 4266 547 4310 759
567 4264 618 4310 siut
641 4263 653 4327 11
674 4260 817 4329 7000107011
839 4265 884 4310 761
908 4262 1002 4309 stiunt
1026 4258 1040 4329 11
1065 4277 1158 4326 appare
1178 4259 1191 4330 11
1213 4263 1262 4309 762
1282 4261 1363 4324 poteis
1389 4257 1402 4328 11
1430 4263 1479 4308 764

357 4351 457 4399 inferna
