3240 5010
342 370 402 433 186
886 359 912 421 V

338 539 402 596 tum
425 532 551 596 demum
575 531 681 614 pueris
704 551 784 594 aevo
807 529 939 594 florente
962 529 1107 593 iuventas

341 647 455 730 occipit
478 647 509 706 ct
530 641 618 705 molli
641 643 734 708 vestit
755 643 908 725 lanugine
931 644 1052 720 malas;

266 783 316 829 890
340 779 380 825 ne
403 760 484 824 forte
508 777 547 822 ex
570 755 697 821 homine
719 764 751 822 et
773 758 915 822 veterino
939 755 1061 822 semine
1084 765 1237 837 equorum

341 873 469 940 confieri
493 871 607 938 credas
630 870 807 936 Centauros
828 891 923 956 posse
947 889 1050 951 neque
1073 889 1164 946 esse,

340 993 396 1052 eut
416 985 537 1051 rabidis
561 984 695 1070 canibus
718 985 896 1050 succinctas
918 983 1129 1050 semimarinis

342 1100 528 1186 corporibus
551 1097 701 1182 Scyllas,
718 1105 749 1162 et
772 1105 877 1164 cetera
900 1098 941 1163 de
964 1117 1081 1182 genere
1104 1098 1236 1180 horum,

340 1217 478 1279 intense
503 1233 635 1296 quorum
659 1211 822 1278 discordia
843 1212 987 1277 membra
1009 1211 1175 1289 videmus3

265 1351 315 1397 999
342 1349 424 1411 quae
447 1348 550 1410 neque
572 1327 743 1392 florescunt
764 1327 883 1409 pariter
906 1345 965 1392 uec
987 1327 1106 1391 robore
1128 1331 1255 1392 sumunt

341 1442 528 1526 corporibus
551 1459 653 1521 neque
675 1439 834 1522 proiciunt
855 1447 961 1506 aetate
984 1448 1135 1524 senecta,

341 1576 400 1620 nec
422 1555 517 1620 simili
538 1553 664 1618 Venere
687 1554 858 1618 ardescunt
881 1576 940 1620 nco
964 1556 1104 1619 moribus
1125 1555 1197 1618 unis

342 1669 554 1750 conveniunt,
571 1687 676 1749 neque
699 1674 774 1732 sunt
795 1669 907 1734 eadem
932 1668 1072 1734 iucunda
1093 1689 1151 1752 per
1173 1673 1282 1732 artus.

342 1785 461 1867 quippe
484 1783 594 1846 videre
617 1782 692 1846 licet
713 1782 923 1865 pinguescere
946 1803 1044 1866 saepe
1066 1782 1169 1847 cicuta

266 1919 315 1964 900
342 1897 526 1979 barbigeras
550 1897 711 1980 pecudes,
728 1896 847 1961 homini
870 1917 953 1979 quae
976 1904 1025 1961 est
1046 1915 1119 1962 acre
1141 1915 1319 1960 venenum.

341 2011 477 2092 denique
500 2010 627 2075 tlamma
650 2010 779 2092 quidem
802 2031 873 2075 curn
896 2031 1030 2094 corpora
1052 2010 1138 2074 fulve
1160 2011 1289 2074 leonum

340 2133 404 2190 tam
428 2127 530 2191 soleat
552 2132 670 2190 torrere
693 2131 787 2206 atque
810 2145 901 2190 urere
925 2144 1020 2206 quam
1042 2144 1144 2208 genus
1157 2142 1260 2214 'omne

339 2241 469 2306 visceris
492 2241 525 2303 in
548 2240 638 2304 terris
662 2239 747 2320 quod
770 2260 905 2322 cumque
928 2247 960 2306 et
982 2239 1146 2321 sanguinis
1170 2245 1276 2313 extet,

343 2356 395 2436 qui
419 2355 486 2418 ficri
508 2353 630 2438 potuit,
646 2353 763 2438 triplici
787 2375 857 2420 cum
880 2373 1014 2439 corpore
1036 2360 1071 2418 ut
1093 2373 1177 2437 una,

265 2489 314 2535 eos
340 2470 441 2553 prima
463 2468 535 2551 leo,
552 2473 711 2551 postrema
734 2468 851 2553 draco,
868 2468 975 2534 media
996 2469 1089 2552 ipsa,
1106 2467 1279 2533 Chimaera

339 2603 394 2647 ore
417 2582 505 2648 foras
529 2601 634 2648 aorem
656 2583 747 2648 fleret
770 2582 810 2648 de
833 2602 966 2667 corpore
987 2583 1175 2648 flammam?

340 2716 439 2781 querc
463 2697 559 2761 etiarn
582 2697 695 2763 tellure
719 2716 802 2762 nove
824 2698 977 2779 caeloque
1001 2697 1121 2762 recenti

340 2811 419 2876 talia
443 2812 496 2892 qui
518 2811 609 2896 fingit
631 2812 773 2895 potuisse
795 2812 948 2876 animalia
970 2812 1078 2896 gigni,

340 2927 433 2990 nixus
455 2927 488 2988 in
510 2926 571 2991 hoc
594 2945 656 2988 uno
680 2925 828 2990 novitatis
850 2926 978 2990 nomine
1000 2926 1110 3003 inani,

267 3060 317 3106 ero
341 3039 440 3103 multa
462 3039 536 3102 licet
558 3038 653 3102 simili
676 3039 799 3104 ratione
822 3041 945 3105 effutiat
968 3060 1042 3116 ore,

341 3174 439 3218 aurea
462 3159 526 3217 turn
550 3153 636 3217 dicat
658 3173 714 3236 per
736 3160 838 3219 terras
861 3153 991 3217 flumina
1013 3153 1108 3236 vulgo

340 3267 491 3345 fluxisse,
508 3274 540 3334 et
559 3269 692 3350 gemmis
715 3268 828 3334 florere
851 3268 983 3333 arbusta
1005 3275 1136 3344 scisse,

339 3390 395 3448 eut
417 3383 575 3448 bominem
598 3389 686 3448 tauto
711 3384 922 3448 membrorum
946 3401 1017 3448 esse
1039 3383 1157 3466 impete
1179 3390 1307 3464 netum,

340 3497 562 3582 transmaria·
576 3497 641 3562 alta
664 3497 783 3580 pedum
805 3497 894 3561 nisus
917 3503 951 3560 ut
973 3517 1091 3579 ponere
1114 3501 1223 3578 posset

264 3631 314 3678 915
340 3619 371 3676 et
394 3612 539 3677 manibus
561 3617 660 3677 totum
684 3612 800 3676 circum
824 3631 858 3675 sc
879 3616 1004 3677 vertere
1026 3610 1172 3676 caelum.

339 3747 412 3790 nam
437 3726 522 3808 quod
545 3727 644 3790 multe
667 3725 756 3790 fuere
778 3726 810 3789 in
832 3725 1074 3808 temislsernina
1095 3745 1200 3789 rerum

340 3847 483 3925 ternpore
506 3863 569 3923 quo
593 3840 729 3925 primurn
751 3839 846 3904 tellus
869 3838 1020 3903 animalia
1042 3836 1145 3916 ludit,

342 4145 392 4190 888
411 4142 502 4206 puerili
523 4141 536 4208 Η
557 4141 664 4190 florenta
684 4137 697 4205 Η
717 4141 767 4187 889
786 4137 874 4190 officit
895 4138 908 4209 Η
928 4145 978 4191 899
999 4141 1093 4206 rapidis
1114 4137 1126 4208 Η
1150 4141 1200 4189 896
1220 4139 1356 4202 proliciunt
1376 4137 1390 4207 Η
1411 4141 1460 4190 901

339 4229 458 4290 Denique
477 4229 617 4280 omissum.
638 4225 651 4294 Η
672 4228 722 4278 904
737 4241 829 4277 unam.
851 4227 863 4296 Η
885 4231 934 4281 906
955 4228 1020 4280 feras
1041 4225 1053 4298 Η
1074 4227 1135 4280 flere
1155 4225 1168 4292 Η
1190 4229 1239 4280 919
1253 4226 1356 4280 homine
1377 4224 1390 4298 Η
1411 4230 1463 4280 914

341 4316 453 4386 pondere
