3236 5020
331 383 373 445 80
870 375 914 439 111

330 551 465 629 apparet
489 545 595 612 divum
617 565 734 610 numen
757 545 916 627 aedesque
939 548 1087 628 quietae,

330 680 411 741 quas
434 679 539 740 neque
563 659 745 725 oonouliunt
767 660 851 724 venti
874 681 935 727 nee
955 661 1067 726 nubila
1088 661 1206 726 nimbis

273 794 306 840 eo
331 780 505 857 aspergunt
526 795 631 857 neque
653 775 708 837 nix
730 774 795 838 aori
818 781 965 839 nonoreta
986 775 1102 858 pruina

331 908 413 953 cana
435 887 552 953 cadens
573 888 672 953 violat
694 907 883 972 semperque
906 889 1066 954 innubilus
1089 889 1201 955 aether

330 1002 464 1084 integit,
481 1008 513 1066 et
534 1003 623 1084 large
646 1002 762 1067 diffuso
785 1001 905 1066 lumine
928 1003 1056 1067 rident:

332 1117 439 1181 omnia
461 1117 644 1200 suppeditat
665 1138 760 1201 porro
784 1122 917 1193 natura,
941 1135 1047 1198 neque
1070 1116 1136 1181 ulla

330 1251 383 1296 res
406 1232 504 1296 animi
528 1251 639 1315 paoem
663 1230 783 1295 delibat
804 1237 948 1313 tempore
970 1232 1003 1294 in
1025 1231 1112 1296 ullo.

274 1364 306 1411 25
333 1351 367 1409 at
388 1353 497 1411 eontra
520 1366 676 1428 nusquam
700 1354 857 1430 apparent
881 1346 1055 1411 Aeberusia
1078 1347 1217 1431 templa,

333 1480 392 1525 neo
414 1462 509 1527 tellus
532 1463 638 1552 obstat
659 1463 736 1544 quin
758 1463 864 1526 omnia
890 1461 1121 1545 dispiciantur,

332 1577 390 1640 sub
413 1578 548 1661 pedibus
572 1557 654 1659 quae
677 1597 811 1659 eumque
834 1575 918 1640 iufra
939 1595 996 1660 per
1018 1575 1116 1641 inane
1137 1582 1310 1660 geruntur.

333 1690 382 1753 bis
404 1689 448 1754 ibi
471 1709 521 1752 me
545 1690 641 1756 rebus
664 1691 824 1772 quaedam
849 1691 956 1756 diviua
977 1691 1127 1775 voluptas

332 1803 468 1887 percipit
490 1805 595 1886 adque
618 1805 749 1888 horror,
766 1807 851 1886 quod
875 1805 922 1870 sio
945 1810 1056 1868 natura
1079 1809 1134 1868 tua
1157 1805 1190 1868 vi

277 1938 309 1984 so
334 1925 397 1980 tam
420 1917 590 1982 manifesta
611 1925 727 2002 patens
751 1940 790 1983 ex
813 1921 899 1985 omni
922 1925 1012 2003 parte
1034 1924 1155 1982 retenta
1177 1924 1245 1983 est.

373 2033 413 2096 Et
436 2034 586 2114 quoniam
609 2034 722 2118 docui,
739 2041 921 2100 eunotarum
944 2032 1077 2098 exordia
1097 2052 1202 2096 rerum

335 2147 445 2227 qualia
468 2149 531 2212 sint
554 2155 585 2212 et
608 2169 701 2230 quam
724 2151 821 2214 variis
845 2146 997 2213 distantia
1020 2144 1131 2210 formis

335 2266 450 2345 sponte
473 2282 531 2326 sua
553 2263 684 2328 volitent
706 2270 838 2328 aeterno
861 2262 983 2346 percita
1005 2268 1113 2338 motu,

336 2397 437 2457 quove
459 2377 555 2440 modo
577 2378 702 2463 possint
724 2397 775 2442 res
797 2398 836 2441 ex
859 2378 908 2442 bis
932 2394 1078 2459 quasque
1100 2377 1222 2453 creari,

278 2511 310 2558 35
336 2491 432 2556 hasne
455 2491 628 2556 seeundum
652 2513 702 2556 res
725 2491 821 2556 animi
844 2498 958 2556 natura
980 2489 1103 2554 videtur

336 2612 431 2687 atque
453 2606 578 2672 animae
601 2604 755 2670 claranda
777 2606 855 2671 meis
877 2608 942 2671 iam
964 2608 1109 2672 versibus
1132 2625 1226 2689 esse,

336 2725 368 2785 et
389 2727 491 2784 metus
512 2720 568 2785 ille
590 2721 678 2785 foras
700 2740 855 2805 praeceps
880 2722 1068 2786 Acheruntis
1090 2719 1254 2803 agendum

335 2835 476 2898 funditus
499 2835 667 2898 humanam
692 2834 745 2915 qui
768 2834 865 2897 vitam
888 2836 994 2900 turbat
1015 2837 1056 2900 ab
1079 2835 1165 2910 imo,

337 2948 445 3013 omnia
469 2947 654 3014 suffundens
675 2948 784 3013 mortis
806 2949 956 3030 nigrore,
973 2969 1076 3030 neque
1099 2949 1196 3013 ullam

278 3082 311 3128 40
337 3083 407 3127 esse
430 3063 624 3144 voluptatem
647 3063 800 3144 liquidam
823 3085 997 3147 puramque
1020 3063 1188 3144 relinquit.

335 3198 409 3241 nam
433 3175 519 3259 quod
542 3196 640 3260 saepe
663 3176 807 3243 homines
830 3181 958 3244 morbos
980 3177 1086 3259 magis
1110 3195 1181 3242 esse
1201 3174 1359 3240 timendos

337 3292 552 3373 infamemque
575 3291 681 3356 lerunt
702 3293 800 3357 vitam
823 3315 918 3376 quam
940 3296 1078 3358 Tartara
1100 3290 1174 3373 leti,

338 3413 370 3471 et
391 3426 425 3471 se
449 3405 530 3469 seire
552 3405 679 3470 animae
700 3416 847 3473 naturam
869 3407 1035 3490 sanguinis
1062 3424 1154 3479 esse,

279 3542 313 3588 ro
339 3521 511 3585 autetiam
534 3523 639 3608 venti,
657 3524 684 3586 ai
707 3523 833 3586 sortita
856 3523 939 3586 forte
961 3523 1129 3600 voluutas,

280 3657 314 3700 44
339 3655 398 3699 neo
420 3654 556 3716 prosum
572 3637 740 3718 quiequam
763 3642 892 3700 nostrae
914 3635 1045 3699 rationis
1069 3650 1185 3713 ogere,

339 3749 412 3812 bino
433 3748 507 3813 lieet
528 3751 677 3817 advertas
701 3750 842 3814 animum
865 3747 969 3827 magis
992 3745 1100 3810 omnia
1122 3744 1227 3809 laudis

261 3884 313 3943 ,47
339 3862 453 3927 laetari
476 3883 572 3928 eausa
595 3885 692 3947 quam
716 3863 801 3945 quod
822 3881 874 3926 res
896 3862 968 3944 ipsa
990 3859 1162 3943 probetur.

340 3983 483 4043 extorres
506 3978 591 4043 idem
614 3978 719 4062 patria
741 3975 901 4056 longeque
922 3973 1022 4058 fugati

343 4247 374 4292 21
390 4260 487 4308 semper
508 4240 521 4310 ll
541 4245 573 4290 22
587 4242 668 4291 ridet.
689 4237 701 4308 ΙΙ
723 4243 756 4290 28
775 4240 818 4289 ubi
839 4237 853 4308 ΙΙ
874 4244 906 4292 29
925 4241 1057 4306 signatura
1078 4237 1091 4308 ll
1112 4243 1144 4288 33
1164 4239 1261 4288 alterno
1282 4235 1295 4304 ll
1317 4239 1349 4285 39
1369 4235 1465 4286 suffun-

344 4332 407 4379 daus
427 4328 440 4398 ll
461 4335 492 4378 47
513 4345 615 4376 calisam
