<?xml version="1.0" encoding="UTF-8"?>
<!DOCTYPE html PUBLIC "-//W3C//DTD XHTML 1.0 Transitional//EN"
    "http://www.w3.org/TR/xhtml1/DTD/xhtml1-transitional.dtd">
<html xmlns="http://www.w3.org/1999/xhtml" xml:lang="en" lang="en">
 <head>
  <title>
</title>
<meta http-equiv="Content-Type" content="text/html;charset=utf-8" />
  <meta name='ocr-system' content='tesseract 3.04.00' />
  <meta name='ocr-capabilities' content='ocr_page ocr_carea ocr_par ocr_line ocrx_word'/>
</head>
<body>
  <div class='ocr_page' id='page_1' title='image "./tlucreticarider19carugoog_0111.png"; bbox 0 0 3266 4994; ppageno 0'>
   <div class='ocr_carea' id='block_1_1' title="bbox 346 379 932 452">
    <p class='ocr_par' dir='ltr' id='par_1_1' title="bbox 346 379 932 452">
     <span class='ocr_line' id='line_1_1' title="bbox 346 379 932 452; baseline -0.009 -4"><span class='ocrx_word' id='word_1_1' title='bbox 346 385 406 452; x_wconf 88' lang='grc'>108</span> <span class='ocrx_word' id='word_1_2' title='bbox 884 379 932 444; x_wconf 90' lang='grc'>111</span> 
     </span>
    </p>
   </div>
   <div class='ocr_carea' id='block_1_2' title="bbox 272 548 1342 2462">
    <p class='ocr_par' dir='ltr' id='par_1_2' title="bbox 272 548 1342 2462">
     <span class='ocr_line' id='line_1_2' title="bbox 344 548 1232 635; baseline -0.007 -17"><span class='ocrx_word' id='word_1_3' title='bbox 344 554 486 635; x_wconf 80' lang='lat' dir='ltr'>frigore,</span> <span class='ocrx_word' id='word_1_4' title='bbox 502 571 573 616; x_wconf 89' lang='lat' dir='ltr'>cnm</span> <span class='ocrx_word' id='word_1_5' title='bbox 595 571 717 616; x_wconf 91' lang='lat' dir='ltr'>summo</span> <span class='ocrx_word' id='word_1_6' title='bbox 740 551 839 635; x_wconf 81' lang='lat' dir='ltr'>gelidi</span> <span class='ocrx_word' id='word_1_7' title='bbox 862 552 958 615; x_wconf 82' lang='lat' dir='ltr'><strong>cubat</strong></span> <span class='ocrx_word' id='word_1_8' title='bbox 979 569 1119 632; x_wconf 84' lang='lat' dir='ltr'>aequore</span> <span class='ocrx_word' id='word_1_9' title='bbox 1142 548 1232 626; x_wconf 84' lang='lat' dir='ltr'>saxi,</span> 
     </span>
     <span class='ocr_line' id='line_1_3' title="bbox 345 665 1139 751; baseline -0.005 -19"><span class='ocrx_word' id='word_1_10' title='bbox 345 665 495 748; x_wconf 86' lang='lat' dir='ltr'>urgerive</span> <span class='ocrx_word' id='word_1_11' title='bbox 517 685 656 751; x_wconf 85' lang='lat' dir='ltr'><strong>superne</strong></span> <span class='ocrx_word' id='word_1_12' title='bbox 680 667 828 732; x_wconf 91' lang='lat' dir='ltr'>obtritum</span> <span class='ocrx_word' id='word_1_13' title='bbox 852 665 994 749; x_wconf 88' lang='lat' dir='ltr'>pondere</span> <span class='ocrx_word' id='word_1_14' title='bbox 1015 670 1139 730; x_wconf 87' lang='lat' dir='ltr'>terrae.</span> 
     </span>
     <span class='ocr_line' id='line_1_4' title="bbox 385 776 1342 864; baseline -0.004 -20"><span class='ocrx_word' id='word_1_15' title='bbox 385 776 466 844; x_wconf 89' lang='lat' dir='ltr'>‘lam</span> <span class='ocrx_word' id='word_1_16' title='bbox 489 779 553 844; x_wconf 91' lang='lat' dir='ltr'>iam</span> <span class='ocrx_word' id='word_1_17' title='bbox 577 800 640 844; x_wconf 94' lang='lat' dir='ltr'>non</span> <span class='ocrx_word' id='word_1_18' title='bbox 663 779 776 845; x_wconf 91' lang='lat' dir='ltr'>domus</span> <span class='ocrx_word' id='word_1_19' title='bbox 799 779 934 864; x_wconf 81' lang='lat' dir='ltr'>accipiet</span> <span class='ocrx_word' id='word_1_20' title='bbox 954 785 987 844; x_wconf 88' lang='lat' dir='ltr'>te</span> <span class='ocrx_word' id='word_1_21' title='bbox 1009 778 1116 856; x_wconf 86' lang='lat' dir='ltr'>laeta,</span> <span class='ocrx_word' id='word_1_22' title='bbox 1133 797 1240 860; x_wconf 87' lang='lat' dir='ltr'>neque</span> <span class='ocrx_word' id='word_1_23' title='bbox 1262 797 1342 843; x_wconf 87' lang='lat' dir='ltr'>uxor</span> 
     </span>
     <span class='ocr_line' id='line_1_5' title="bbox 273 892 1094 980; baseline -0.007 -18"><span class='ocrx_word' id='word_1_24' title='bbox 273 917 323 964; x_wconf 78' lang='lat'>805</span> <span class='ocrx_word' id='word_1_25' title='bbox 349 895 470 980; x_wconf 91' lang='lat' dir='ltr'>optima</span> <span class='ocrx_word' id='word_1_26' title='bbox 492 913 551 960; x_wconf 86' lang='lat' dir='ltr'>nec</span> <span class='ocrx_word' id='word_1_27' title='bbox 573 894 684 960; x_wconf 87' lang='lat' dir='ltr'>dulces</span> <span class='ocrx_word' id='word_1_28' title='bbox 706 899 873 959; x_wconf 88' lang='lat' dir='ltr'>occurrent</span> <span class='ocrx_word' id='word_1_29' title='bbox 895 893 1007 958; x_wconf 89' lang='lat' dir='ltr'>oscula</span> <span class='ocrx_word' id='word_1_30' title='bbox 1029 892 1094 957; x_wconf 89' lang='lat' dir='ltr'>nati</span> 
     </span>
     <span class='ocr_line' id='line_1_6' title="bbox 347 1007 1205 1096; baseline -0.005 -22"><span class='ocrx_word' id='word_1_31' title='bbox 347 1009 531 1096; x_wconf 83' lang='lat' dir='ltr'>praeripere</span> <span class='ocrx_word' id='word_1_32' title='bbox 553 1014 586 1074; x_wconf 91' lang='lat' dir='ltr'>et</span> <span class='ocrx_word' id='word_1_33' title='bbox 607 1008 706 1074; x_wconf 87' lang='lat' dir='ltr'>tacita</span> <span class='ocrx_word' id='word_1_34' title='bbox 729 1013 840 1091; x_wconf 85' lang='lat' dir='ltr'>peetus</span> <span class='ocrx_word' id='word_1_35' title='bbox 864 1007 1031 1072; x_wconf 82' lang='lat' dir='ltr'>dulcedine</span> <span class='ocrx_word' id='word_1_36' title='bbox 1052 1012 1205 1090; x_wconf 86' lang='lat' dir='ltr'>tangent.</span> 
     </span>
     <span class='ocr_line' id='line_1_7' title="bbox 347 1121 1137 1207; baseline -0.003 -19"><span class='ocrx_word' id='word_1_37' title='bbox 347 1144 412 1188; x_wconf 92' lang='lat' dir='ltr'>non</span> <span class='ocrx_word' id='word_1_38' title='bbox 434 1123 555 1207; x_wconf 88' lang='lat' dir='ltr'>poteris</span> <span class='ocrx_word' id='word_1_39' title='bbox 577 1122 670 1187; x_wconf 87' lang='lat' dir='ltr'>factis</span> <span class='ocrx_word' id='word_1_40' title='bbox 695 1122 881 1186; x_wconf 89' lang='lat' dir='ltr'>florentibus</span> <span class='ocrx_word' id='word_1_41' title='bbox 904 1141 994 1204; x_wconf 83' lang='lat' dir='ltr'>esse,</span> <span class='ocrx_word' id='word_1_42' title='bbox 1012 1121 1137 1202; x_wconf 88' lang='lat' dir='ltr'>tuisque</span> 
     </span>
     <span class='ocr_line' id='line_1_8' title="bbox 346 1230 1242 1322; baseline -0.002 -20"><span class='ocrx_word' id='word_1_43' title='bbox 346 1237 561 1322; x_wconf 80' lang='lat' dir='ltr'>praesidium.</span> <span class='ocrx_word' id='word_1_44' title='bbox 578 1235 696 1300; x_wconf 90' lang='lat' dir='ltr'>misero</span> <span class='ocrx_word' id='word_1_45' title='bbox 719 1231 846 1301; x_wconf 87' lang='lat' dir='ltr'>misere&#39;</span> <span class='ocrx_word' id='word_1_46' title='bbox 872 1236 962 1300; x_wconf 89' lang='lat' dir='ltr'>aiunt</span> <span class='ocrx_word' id='word_1_47' title='bbox 979 1230 1099 1300; x_wconf 88' lang='lat' dir='ltr'>‘omnia</span> <span class='ocrx_word' id='word_1_48' title='bbox 1121 1235 1242 1300; x_wconf 83' lang='lat' dir='ltr'>ademit</span> 
     </span>
     <span class='ocr_line' id='line_1_9' title="bbox 345 1345 1091 1434; baseline -0.003 -18"><span class='ocrx_word' id='word_1_49' title='bbox 345 1371 410 1416; x_wconf 92' lang='lat' dir='ltr'>una</span> <span class='ocrx_word' id='word_1_50' title='bbox 432 1351 502 1415; x_wconf 89' lang='lat' dir='ltr'>dies</span> <span class='ocrx_word' id='word_1_51' title='bbox 524 1349 644 1415; x_wconf 81' lang='lat' dir='ltr'>infesta</span> <span class='ocrx_word' id='word_1_52' title='bbox 666 1349 723 1414; x_wconf 92' lang='lat' dir='ltr'>tibi</span> <span class='ocrx_word' id='word_1_53' title='bbox 745 1355 791 1414; x_wconf 89' lang='lat' dir='ltr'>tot</span> <span class='ocrx_word' id='word_1_54' title='bbox 813 1350 957 1434; x_wconf 90' lang='lat' dir='ltr'>praemia</span> <span class='ocrx_word' id='word_1_55' title='bbox 978 1350 1062 1416; x_wconf 89' lang='lat' dir='ltr'>vitae</span> <span class='ocrx_word' id='word_1_56' title='bbox 1075 1345 1091 1414; x_wconf 88' lang='lat'>.’</span> 
     </span>
     <span class='ocr_line' id='line_1_10' title="bbox 272 1459 1231 1542; baseline -0.007 -8"><span class='ocrx_word' id='word_1_57' title='bbox 272 1487 322 1534; x_wconf 91' lang='lat'>000</span> <span class='ocrx_word' id='word_1_58' title='bbox 348 1464 429 1528; x_wconf 93' lang='lat' dir='ltr'>illud</span> <span class='ocrx_word' id='word_1_59' title='bbox 450 1465 483 1529; x_wconf 92' lang='lat' dir='ltr'>in</span> <span class='ocrx_word' id='word_1_60' title='bbox 504 1463 554 1530; x_wconf 91' lang='lat' dir='ltr'>his</span> <span class='ocrx_word' id='word_1_61' title='bbox 577 1463 673 1529; x_wconf 90' lang='lat' dir='ltr'>rebus</span> <span class='ocrx_word' id='word_1_62' title='bbox 696 1485 760 1529; x_wconf 93' lang='lat' dir='ltr'>non</span> <span class='ocrx_word' id='word_1_63' title='bbox 784 1464 928 1542; x_wconf 83' lang='lat' dir='ltr'>addunt,</span> <span class='ocrx_word' id='word_1_64' title='bbox 947 1459 1021 1529; x_wconf 84' lang='lat' dir='ltr'>‘neo</span> <span class='ocrx_word' id='word_1_65' title='bbox 1042 1465 1100 1529; x_wconf 88' lang='lat' dir='ltr'>tibi</span> <span class='ocrx_word' id='word_1_66' title='bbox 1123 1485 1231 1530; x_wconf 87' lang='lat' dir='ltr'>earnm</span> 
     </span>
     <span class='ocr_line' id='line_1_11' title="bbox 347 1574 1123 1662; baseline 0 -20"><span class='ocrx_word' id='word_1_67' title='bbox 347 1580 410 1644; x_wconf 88' lang='lat' dir='ltr'>iam</span> <span class='ocrx_word' id='word_1_68' title='bbox 434 1577 626 1643; x_wconf 89' lang='lat' dir='ltr'>desiderium</span> <span class='ocrx_word' id='word_1_69' title='bbox 650 1599 754 1644; x_wconf 90' lang='lat' dir='ltr'>rerum</span> <span class='ocrx_word' id='word_1_70' title='bbox 776 1599 871 1662; x_wconf 88' lang='lat' dir='ltr'>super</span> <span class='ocrx_word' id='word_1_71' title='bbox 891 1578 1008 1644; x_wconf 83' lang='lat' dir='ltr'>insidet</span> <span class='ocrx_word' id='word_1_72' title='bbox 1029 1598 1094 1643; x_wconf 85' lang='lat' dir='ltr'>una</span> <span class='ocrx_word' id='word_1_73' title='bbox 1107 1574 1123 1643; x_wconf 89' lang='lat'>.’</span> 
     </span>
     <span class='ocr_line' id='line_1_12' title="bbox 348 1691 1267 1776; baseline 0.001 -20"><span class='ocrx_word' id='word_1_74' title='bbox 348 1692 434 1774; x_wconf 90' lang='lat' dir='ltr'>quod</span> <span class='ocrx_word' id='word_1_75' title='bbox 457 1694 539 1757; x_wconf 90' lang='lat' dir='ltr'>bene</span> <span class='ocrx_word' id='word_1_76' title='bbox 562 1693 590 1756; x_wconf 91' lang='lat' dir='ltr'>si</span> <span class='ocrx_word' id='word_1_77' title='bbox 611 1691 742 1757; x_wconf 91' lang='lat' dir='ltr'>videant</span> <span class='ocrx_word' id='word_1_78' title='bbox 764 1692 869 1756; x_wconf 86' lang='lat' dir='ltr'>animo</span> <span class='ocrx_word' id='word_1_79' title='bbox 892 1693 1050 1776; x_wconf 84' lang='lat' dir='ltr'>dictisque</span> <span class='ocrx_word' id='word_1_80' title='bbox 1073 1699 1267 1776; x_wconf 89' lang='lat' dir='ltr'>sequantur,</span> 
     </span>
     <span class='ocr_line' id='line_1_13' title="bbox 347 1806 1181 1890; baseline 0.004 -21"><span class='ocrx_word' id='word_1_81' title='bbox 347 1807 526 1872; x_wconf 89' lang='lat' dir='ltr'>dissoluant</span> <span class='ocrx_word' id='word_1_82' title='bbox 548 1806 647 1872; x_wconf 87' lang='lat' dir='ltr'>animi</span> <span class='ocrx_word' id='word_1_83' title='bbox 670 1827 787 1888; x_wconf 92' lang='lat' dir='ltr'>magno</span> <span class='ocrx_word' id='word_1_84' title='bbox 811 1825 846 1870; x_wconf 90' lang='lat' dir='ltr'>se</span> <span class='ocrx_word' id='word_1_85' title='bbox 868 1827 989 1889; x_wconf 89' lang='lat' dir='ltr'>angore</span> <span class='ocrx_word' id='word_1_86' title='bbox 1013 1815 1181 1890; x_wconf 88' lang='lat' dir='ltr'>metuque.</span> 
     </span>
     <span class='ocr_line' id='line_1_14' title="bbox 348 1920 1140 2004; baseline 0 -19"><span class='ocrx_word' id='word_1_87' title='bbox 348 1928 381 1985; x_wconf 90' lang='lat' dir='ltr'>tu</span> <span class='ocrx_word' id='word_1_88' title='bbox 404 1920 531 2002; x_wconf 90' lang='lat' dir='ltr'>quidem</span> <span class='ocrx_word' id='word_1_89' title='bbox 554 1926 589 1984; x_wconf 89' lang='lat' dir='ltr'>ut</span> <span class='ocrx_word' id='word_1_90' title='bbox 610 1939 646 1986; x_wconf 86' lang='lat' dir='ltr'>es</span> <span class='ocrx_word' id='word_1_91' title='bbox 667 1921 730 1986; x_wconf 93' lang='lat' dir='ltr'>leto</span> <span class='ocrx_word' id='word_1_92' title='bbox 754 1921 896 2004; x_wconf 88' lang='lat' dir='ltr'>sopitus,</span> <span class='ocrx_word' id='word_1_93' title='bbox 913 1921 959 1988; x_wconf 91' lang='lat' dir='ltr'>sic</span> <span class='ocrx_word' id='word_1_94' title='bbox 982 1923 1045 1987; x_wconf 88' lang='lat' dir='ltr'>eris</span> <span class='ocrx_word' id='word_1_95' title='bbox 1068 1922 1140 1986; x_wconf 89' lang='lat' dir='ltr'>aevi</span> 
     </span>
     <span class='ocr_line' id='line_1_15' title="bbox 272 2035 1263 2120; baseline -0.002 -18"><span class='ocrx_word' id='word_1_96' title='bbox 272 2055 322 2102; x_wconf 77' lang='lat'>005</span> <span class='ocrx_word' id='word_1_97' title='bbox 349 2036 435 2116; x_wconf 93' lang='lat' dir='ltr'>quod</span> <span class='ocrx_word' id='word_1_98' title='bbox 458 2055 553 2119; x_wconf 88' lang='lat' dir='ltr'>super</span> <span class='ocrx_word' id='word_1_99' title='bbox 576 2041 624 2100; x_wconf 89' lang='lat' dir='ltr'>cst</span> <span class='ocrx_word' id='word_1_100' title='bbox 646 2035 767 2100; x_wconf 88' lang='lat' dir='ltr'>cunctis</span> <span class='ocrx_word' id='word_1_101' title='bbox 789 2035 924 2120; x_wconf 89' lang='lat' dir='ltr'>privatu’</span> <span class='ocrx_word' id='word_1_102' title='bbox 948 2035 1114 2102; x_wconf 89' lang='lat' dir='ltr'>doloribus</span> <span class='ocrx_word' id='word_1_103' title='bbox 1135 2036 1263 2118; x_wconf 82' lang='lat' dir='ltr'>aegris:</span> 
     </span>
     <span class='ocr_line' id='line_1_16' title="bbox 347 2146 1137 2236; baseline 0.004 -24"><span class='ocrx_word' id='word_1_104' title='bbox 347 2153 381 2212; x_wconf 89' lang='lat' dir='ltr'>at</span> <span class='ocrx_word' id='word_1_105' title='bbox 403 2170 462 2214; x_wconf 89' lang='lat' dir='ltr'>nos</span> <span class='ocrx_word' id='word_1_106' title='bbox 484 2150 628 2214; x_wconf 87' lang='lat' dir='ltr'>horrifico</span> <span class='ocrx_word' id='word_1_107' title='bbox 652 2149 844 2215; x_wconf 84' lang='lat' dir='ltr'>cinefactum</span> <span class='ocrx_word' id='word_1_108' title='bbox 866 2157 898 2216; x_wconf 91' lang='lat' dir='ltr'>te</span> <span class='ocrx_word' id='word_1_109' title='bbox 921 2146 1022 2236; x_wconf 73' lang='lat' dir='ltr'>piope</span> <span class='ocrx_word' id='word_1_110' title='bbox 1043 2152 1137 2216; x_wconf 90' lang='lat' dir='ltr'>busto</span> 
     </span>
     <span class='ocr_line' id='line_1_17' title="bbox 346 2263 1042 2348; baseline 0.004 -21"><span class='ocrx_word' id='word_1_111' title='bbox 346 2263 569 2329; x_wconf 81' lang='lat' dir='ltr'>insatiabiliter</span> <span class='ocrx_word' id='word_1_112' title='bbox 591 2264 797 2348; x_wconf 81' lang='lat' dir='ltr'>deflevimus,</span> <span class='ocrx_word' id='word_1_113' title='bbox 814 2271 1042 2346; x_wconf 82' lang='lat' dir='ltr'>aetemumque</span> 
     </span>
     <span class='ocr_line' id='line_1_18' title="bbox 346 2378 1175 2462; baseline 0.002 -21"><span class='ocrx_word' id='word_1_114' title='bbox 346 2378 436 2442; x_wconf 86' lang='lat' dir='ltr'>nulla</span> <span class='ocrx_word' id='word_1_115' title='bbox 459 2378 527 2444; x_wconf 86' lang='lat' dir='ltr'>dies</span> <span class='ocrx_word' id='word_1_116' title='bbox 548 2379 642 2443; x_wconf 90' lang='lat' dir='ltr'>nobis</span> <span class='ocrx_word' id='word_1_117' title='bbox 664 2394 837 2444; x_wconf 85' lang='lat' dir='ltr'>memorem</span> <span class='ocrx_word' id='word_1_118' title='bbox 859 2399 877 2444; x_wconf 93' lang='lat' dir='ltr'>e</span> <span class='ocrx_word' id='word_1_119' title='bbox 901 2385 1027 2462; x_wconf 84' lang='lat' dir='ltr'>pectore</span> <span class='ocrx_word' id='word_1_120' title='bbox 1050 2379 1175 2445; x_wconf 88' lang='lat' dir='ltr'>demet.</span> 
     </span>
    </p>
   </div>
   <div class='ocr_carea' id='block_1_3' title="bbox 273 2493 1337 3136">
    <p class='ocr_par' dir='ltr' id='par_1_3' title="bbox 273 2493 1337 3136">
     <span class='ocr_line' id='line_1_19' title="bbox 347 2493 1298 2577; baseline 0.002 -21"><span class='ocrx_word' id='word_1_121' title='bbox 347 2493 427 2557; x_wconf 92' lang='lat' dir='ltr'>illud</span> <span class='ocrx_word' id='word_1_122' title='bbox 449 2494 490 2558; x_wconf 87' lang='lat' dir='ltr'>ab</span> <span class='ocrx_word' id='word_1_123' title='bbox 514 2493 573 2558; x_wconf 91' lang='lat' dir='ltr'>hoc</span> <span class='ocrx_word' id='word_1_124' title='bbox 596 2493 692 2576; x_wconf 91' lang='lat' dir='ltr'>igitur</span> <span class='ocrx_word' id='word_1_125' title='bbox 715 2494 929 2575; x_wconf 87' lang='lat' dir='ltr'>quaerendum</span> <span class='ocrx_word' id='word_1_126' title='bbox 953 2501 1020 2572; x_wconf 89' lang='lat' dir='ltr'>est,</span> <span class='ocrx_word' id='word_1_127' title='bbox 1037 2495 1113 2577; x_wconf 90' lang='lat' dir='ltr'>qnid</span> <span class='ocrx_word' id='word_1_128' title='bbox 1137 2495 1177 2560; x_wconf 89' lang='lat' dir='ltr'>sit</span> <span class='ocrx_word' id='word_1_129' title='bbox 1200 2496 1298 2560; x_wconf 87' lang='lat' dir='ltr'>amari</span> 
     </span>
     <span class='ocr_line' id='line_1_20' title="bbox 273 2608 1337 2694; baseline -0.004 -17"><span class='ocrx_word' id='word_1_130' title='bbox 273 2630 323 2677; x_wconf 90' lang='lat'>010</span> <span class='ocrx_word' id='word_1_131' title='bbox 347 2615 435 2673; x_wconf 87' lang='lat' dir='ltr'>tanto</span> <span class='ocrx_word' id='word_1_132' title='bbox 459 2627 576 2692; x_wconf 89' lang='lat' dir='ltr'>opere,</span> <span class='ocrx_word' id='word_1_133' title='bbox 594 2608 636 2673; x_wconf 89' lang='lat' dir='ltr'>ad</span> <span class='ocrx_word' id='word_1_134' title='bbox 658 2629 802 2673; x_wconf 90' lang='lat' dir='ltr'>somnum</span> <span class='ocrx_word' id='word_1_135' title='bbox 826 2609 853 2673; x_wconf 91' lang='lat' dir='ltr'>si</span> <span class='ocrx_word' id='word_1_136' title='bbox 877 2627 928 2674; x_wconf 89' lang='lat' dir='ltr'>res</span> <span class='ocrx_word' id='word_1_137' title='bbox 950 2608 1034 2674; x_wconf 85' lang='lat' dir='ltr'>redit</span> <span class='ocrx_word' id='word_1_138' title='bbox 1056 2615 1153 2692; x_wconf 86' lang='lat' dir='ltr'>atque</span> <span class='ocrx_word' id='word_1_139' title='bbox 1177 2609 1337 2694; x_wconf 86' lang='lat' dir='ltr'>quietem,</span> 
     </span>
     <span class='ocr_line' id='line_1_21' title="bbox 349 2723 1186 2808; baseline 0 -20"><span class='ocrx_word' id='word_1_140' title='bbox 349 2743 404 2788; x_wconf 89' lang='lat' dir='ltr'>eur</span> <span class='ocrx_word' id='word_1_141' title='bbox 426 2723 593 2806; x_wconf 87' lang='lat' dir='ltr'>quisquam</span> <span class='ocrx_word' id='word_1_142' title='bbox 616 2730 748 2789; x_wconf 87' lang='lat' dir='ltr'>aeterno</span> <span class='ocrx_word' id='word_1_143' title='bbox 770 2723 874 2808; x_wconf 90' lang='lat' dir='ltr'>possit</span> <span class='ocrx_word' id='word_1_144' title='bbox 894 2723 1059 2790; x_wconf 88' lang='lat' dir='ltr'>tabescere</span> <span class='ocrx_word' id='word_1_145' title='bbox 1081 2726 1186 2790; x_wconf 91' lang='lat' dir='ltr'>luctu.</span> 
     </span>
     <span class='ocr_line' id='line_1_22' title="bbox 391 2836 1206 2921; baseline 0.004 -19"><span class='ocrx_word' id='word_1_146' title='bbox 391 2839 461 2902; x_wconf 91' lang='lat' dir='ltr'>Hoc</span> <span class='ocrx_word' id='word_1_147' title='bbox 484 2837 579 2901; x_wconf 88' lang='lat' dir='ltr'>etiam</span> <span class='ocrx_word' id='word_1_148' title='bbox 600 2837 721 2903; x_wconf 86' lang='lat' dir='ltr'>faciunt</span> <span class='ocrx_word' id='word_1_149' title='bbox 744 2837 798 2900; x_wconf 92' lang='lat' dir='ltr'>ubi</span> <span class='ocrx_word' id='word_1_150' title='bbox 821 2836 1011 2904; x_wconf 87' lang='lat' dir='ltr'>discubuere</span> <span class='ocrx_word' id='word_1_151' title='bbox 1033 2844 1206 2921; x_wconf 86' lang='lat' dir='ltr'>tenentque</span> 
     </span>
     <span class='ocr_line' id='line_1_23' title="bbox 348 2949 1259 3039; baseline 0.002 -21"><span class='ocrx_word' id='word_1_152' title='bbox 348 2952 465 3039; x_wconf 88' lang='lat' dir='ltr'>poeula</span> <span class='ocrx_word' id='word_1_153' title='bbox 487 2949 584 3037; x_wconf 88' lang='lat' dir='ltr'>sa&#39;epe</span> <span class='ocrx_word' id='word_1_154' title='bbox 607 2951 752 3016; x_wconf 90' lang='lat' dir='ltr'>homines</span> <span class='ocrx_word' id='word_1_155' title='bbox 774 2956 806 3015; x_wconf 92' lang='lat' dir='ltr'>et</span> <span class='ocrx_word' id='word_1_156' title='bbox 828 2950 1011 3017; x_wconf 89' lang='lat' dir='ltr'>inumbrant</span> <span class='ocrx_word' id='word_1_157' title='bbox 1034 2975 1090 3018; x_wconf 90' lang='lat' dir='ltr'>ora</span> <span class='ocrx_word' id='word_1_158' title='bbox 1112 2954 1259 3038; x_wconf 83' lang='lat' dir='ltr'>coronis,</span> 
     </span>
     <span class='ocr_line' id='line_1_24' title="bbox 351 3060 1322 3136; baseline 0.002 -4"><span class='ocrx_word' id='word_1_159' title='bbox 351 3088 391 3133; x_wconf 86' lang='lat' dir='ltr'>ex</span> <span class='ocrx_word' id='word_1_160' title='bbox 414 3067 519 3131; x_wconf 90' lang='lat' dir='ltr'>animo</span> <span class='ocrx_word' id='word_1_161' title='bbox 543 3073 576 3130; x_wconf 92' lang='lat' dir='ltr'>ut</span> <span class='ocrx_word' id='word_1_162' title='bbox 599 3067 706 3130; x_wconf 89' lang='lat' dir='ltr'>dicant</span> <span class='ocrx_word' id='word_1_163' title='bbox 724 3060 845 3130; x_wconf 88' lang='lat' dir='ltr'>‘brevis</span> <span class='ocrx_word' id='word_1_164' title='bbox 868 3066 920 3131; x_wconf 91' lang='lat' dir='ltr'>hio</span> <span class='ocrx_word' id='word_1_165' title='bbox 943 3073 992 3132; x_wconf 88' lang='lat' dir='ltr'>est</span> <span class='ocrx_word' id='word_1_166' title='bbox 1012 3068 1132 3136; x_wconf 82' lang='lat' dir='ltr'>fructus</span> <span class='ocrx_word' id='word_1_167' title='bbox 1152 3068 1322 3134; x_wconf 91' lang='lat' dir='ltr'>homullis:</span> 
     </span>
    </p>
   </div>
   <div class='ocr_carea' id='block_1_4' title="bbox 275 3179 1416 4068">
    <p class='ocr_par' dir='ltr' id='par_1_4' title="bbox 275 3179 1416 4068">
     <span class='ocr_line' id='line_1_25' title="bbox 277 3179 1278 3264; baseline -0.004 -12"><span class='ocrx_word' id='word_1_168' title='bbox 277 3206 327 3252; x_wconf 81' lang='lat'>910</span> <span class='ocrx_word' id='word_1_169' title='bbox 352 3184 415 3248; x_wconf 87' lang='lat' dir='ltr'>iam</span> <span class='ocrx_word' id='word_1_170' title='bbox 439 3180 554 3264; x_wconf 85' lang='lat' dir='ltr'>inerit,</span> <span class='ocrx_word' id='word_1_171' title='bbox 572 3198 674 3260; x_wconf 90' lang='lat' dir='ltr'>neque</span> <span class='ocrx_word' id='word_1_172' title='bbox 697 3185 770 3264; x_wconf 90' lang='lat' dir='ltr'>post</span> <span class='ocrx_word' id='word_1_173' title='bbox 792 3199 942 3263; x_wconf 89' lang='lat' dir='ltr'>umquam</span> <span class='ocrx_word' id='word_1_174' title='bbox 967 3203 1119 3250; x_wconf 87' lang='lat' dir='ltr'>revocare</span> <span class='ocrx_word' id='word_1_175' title='bbox 1142 3184 1249 3250; x_wconf 88' lang='lat' dir='ltr'>licebit</span> <span class='ocrx_word' id='word_1_176' title='bbox 1261 3179 1278 3247; x_wconf 91' lang='lat'>.’</span> 
     </span>
     <span class='ocr_line' id='line_1_26' title="bbox 348 3294 1416 3390; baseline 0.002 -30"><span class='ocrx_word' id='word_1_177' title='bbox 348 3302 411 3361; x_wconf 88' lang='lat' dir='ltr'>tam</span> <span class='ocrx_word' id='word_1_178' title='bbox 436 3315 532 3376; x_wconf 87' lang='lat' dir='ltr'>quam</span> <span class='ocrx_word' id='word_1_179' title='bbox 554 3294 588 3357; x_wconf 92' lang='lat' dir='ltr'>in</span> <span class='ocrx_word' id='word_1_180' title='bbox 611 3300 710 3358; x_wconf 87' lang='lat' dir='ltr'>morte</span> <span class='ocrx_word' id='word_1_181' title='bbox 733 3294 811 3358; x_wconf 89' lang='lat' dir='ltr'>mali</span> <span class='ocrx_word' id='word_1_182' title='bbox 835 3315 906 3361; x_wconf 91' lang='lat' dir='ltr'>oum</span> <span class='ocrx_word' id='word_1_183' title='bbox 929 3298 1041 3380; x_wconf 90' lang='lat' dir='ltr'>primis</span> <span class='ocrx_word' id='word_1_184' title='bbox 1064 3300 1123 3364; x_wconf 90' lang='lat' dir='ltr'>hoc</span> <span class='ocrx_word' id='word_1_185' title='bbox 1146 3298 1188 3363; x_wconf 88' lang='lat' dir='ltr'>sit</span> <span class='ocrx_word' id='word_1_186' title='bbox 1209 3317 1338 3383; x_wconf 83' lang='lat' dir='ltr'>eorum,</span> <span class='ocrx_word' id='word_1_187' title='bbox 1411 3381 1416 3390; x_wconf 24' lang='grc' dir='ltr'><em>ι</em></span> 
     </span>
     <span class='ocr_line' id='line_1_27' title="bbox 349 3409 1197 3496; baseline 0.007 -23"><span class='ocrx_word' id='word_1_188' title='bbox 349 3409 436 3492; x_wconf 90' lang='lat' dir='ltr'>quod</span> <span class='ocrx_word' id='word_1_189' title='bbox 459 3409 526 3474; x_wconf 89' lang='lat' dir='ltr'>sitis</span> <span class='ocrx_word' id='word_1_190' title='bbox 550 3415 661 3474; x_wconf 84' lang='lat' dir='ltr'>exurat</span> <span class='ocrx_word' id='word_1_191' title='bbox 682 3410 817 3475; x_wconf 89' lang='lat' dir='ltr'>miseros</span> <span class='ocrx_word' id='word_1_192' title='bbox 840 3416 937 3494; x_wconf 87' lang='lat' dir='ltr'>atquc</span> <span class='ocrx_word' id='word_1_193' title='bbox 960 3414 1053 3478; x_wconf 88' lang='lat' dir='ltr'>arida</span> <span class='ocrx_word' id='word_1_194' title='bbox 1075 3419 1197 3496; x_wconf 89' lang='lat' dir='ltr'>torres,</span> 
     </span>
     <span class='ocr_line' id='line_1_28' title="bbox 348 3523 1089 3592; baseline 0.003 -3"><span class='ocrx_word' id='word_1_195' title='bbox 348 3531 402 3589; x_wconf 91' lang='lat' dir='ltr'>aut</span> <span class='ocrx_word' id='word_1_196' title='bbox 424 3524 509 3590; x_wconf 87' lang='lat' dir='ltr'>aliae</span> <span class='ocrx_word' id='word_1_197' title='bbox 533 3525 622 3590; x_wconf 89' lang='lat' dir='ltr'>cuius</span> <span class='ocrx_word' id='word_1_198' title='bbox 645 3523 838 3589; x_wconf 87' lang='lat' dir='ltr'>desiderium</span> <span class='ocrx_word' id='word_1_199' title='bbox 860 3526 1001 3592; x_wconf 86' lang='lat' dir='ltr'>insideat</span> <span class='ocrx_word' id='word_1_200' title='bbox 1020 3526 1089 3592; x_wconf 89' lang='lat' dir='ltr'>rei.</span> 
     </span>
     <span class='ocr_line' id='line_1_29' title="bbox 349 3638 1300 3725; baseline 0.004 -22"><span class='ocrx_word' id='word_1_201' title='bbox 349 3659 408 3704; x_wconf 91' lang='lat' dir='ltr'>nec</span> <span class='ocrx_word' id='word_1_202' title='bbox 431 3639 491 3703; x_wconf 91' lang='lat' dir='ltr'>sibi</span> <span class='ocrx_word' id='word_1_203' title='bbox 516 3639 600 3704; x_wconf 92' lang='lat' dir='ltr'>enim</span> <span class='ocrx_word' id='word_1_204' title='bbox 624 3638 794 3721; x_wconf 90' lang='lat' dir='ltr'>quisquam</span> <span class='ocrx_word' id='word_1_205' title='bbox 816 3645 881 3704; x_wconf 91' lang='lat' dir='ltr'>tum</span> <span class='ocrx_word' id='word_1_206' title='bbox 906 3660 940 3706; x_wconf 90' lang='lat' dir='ltr'>se</span> <span class='ocrx_word' id='word_1_207' title='bbox 962 3642 1124 3721; x_wconf 88' lang='lat' dir='ltr'>vitamque</span> <span class='ocrx_word' id='word_1_208' title='bbox 1148 3641 1300 3725; x_wconf 85' lang='lat' dir='ltr'>requirit,</span> 
     </span>
     <span class='ocr_line' id='line_1_30' title="bbox 275 3753 1206 3838; baseline 0.001 -18"><span class='ocrx_word' id='word_1_209' title='bbox 275 3774 325 3820; x_wconf 79' lang='lat'>020</span> <span class='ocrx_word' id='word_1_210' title='bbox 351 3774 419 3819; x_wconf 92' lang='lat' dir='ltr'>cnm</span> <span class='ocrx_word' id='word_1_211' title='bbox 444 3755 563 3838; x_wconf 87' lang='lat' dir='ltr'>pariter</span> <span class='ocrx_word' id='word_1_212' title='bbox 586 3773 677 3818; x_wconf 90' lang='lat' dir='ltr'>mens</span> <span class='ocrx_word' id='word_1_213' title='bbox 700 3759 732 3819; x_wconf 92' lang='lat' dir='ltr'>et</span> <span class='ocrx_word' id='word_1_214' title='bbox 754 3774 870 3837; x_wconf 88' lang='lat' dir='ltr'>corpus</span> <span class='ocrx_word' id='word_1_215' title='bbox 891 3753 997 3838; x_wconf 88' lang='lat' dir='ltr'>sopita</span> <span class='ocrx_word' id='word_1_216' title='bbox 1019 3753 1206 3835; x_wconf 90' lang='lat' dir='ltr'>quiescunt:</span> 
     </span>
     <span class='ocr_line' id='line_1_31' title="bbox 349 3868 1220 3956; baseline 0.005 -24"><span class='ocrx_word' id='word_1_217' title='bbox 349 3888 422 3932; x_wconf 91' lang='lat' dir='ltr'>nam</span> <span class='ocrx_word' id='word_1_218' title='bbox 446 3868 520 3932; x_wconf 91' lang='lat' dir='ltr'>licet</span> <span class='ocrx_word' id='word_1_219' title='bbox 542 3872 703 3930; x_wconf 89' lang='lat' dir='ltr'>aeternum</span> <span class='ocrx_word' id='word_1_220' title='bbox 727 3887 785 3950; x_wconf 88' lang='lat' dir='ltr'>per</span> <span class='ocrx_word' id='word_1_221' title='bbox 807 3887 866 3933; x_wconf 91' lang='lat' dir='ltr'>nos</span> <span class='ocrx_word' id='word_1_222' title='bbox 889 3868 935 3933; x_wconf 90' lang='lat' dir='ltr'>sic</span> <span class='ocrx_word' id='word_1_223' title='bbox 957 3887 1030 3934; x_wconf 87' lang='lat' dir='ltr'>esse</span> <span class='ocrx_word' id='word_1_224' title='bbox 1053 3889 1220 3956; x_wconf 88' lang='lat' dir='ltr'>soporem,</span> 
     </span>
     <span class='ocr_line' id='line_1_32' title="bbox 349 3951 1113 4068; baseline 0.004 -22"><span class='ocrx_word' id='word_1_225' title='bbox 349 4001 409 4047; x_wconf 90' lang='lat' dir='ltr'>nec</span> <span class='ocrx_word' id='word_1_226' title='bbox 432 3951 624 4046; x_wconf 70' lang='lat' dir='ltr'>desiderium</span> <span class='ocrx_word' id='word_1_227' title='bbox 647 3979 748 4045; x_wconf 91' lang='lat' dir='ltr'>nostri</span> <span class='ocrx_word' id='word_1_228' title='bbox 771 3999 831 4044; x_wconf 92' lang='lat' dir='ltr'>nos</span> <span class='ocrx_word' id='word_1_229' title='bbox 854 3978 963 4045; x_wconf 89' lang='lat' dir='ltr'>adficit</span> <span class='ocrx_word' id='word_1_230' title='bbox 984 3983 1082 4048; x_wconf 93' lang='lat' dir='ltr'>ullum</span> <span class='ocrx_word' id='word_1_231' title='bbox 1095 4005 1113 4068; x_wconf 70' lang='lat'>3,</span> 
     </span>
    </p>
   </div>
   <div class='ocr_carea' id='block_1_5' title="bbox 352 4144 553 4157">
    <p class='ocr_par' dir='ltr' id='par_1_5' title="bbox 352 4144 553 4157">
     <span class='ocr_line' id='line_1_33' title="bbox 352 4144 553 4157; baseline 0 0"><span class='ocrx_word' id='word_1_232' title='bbox 352 4144 553 4157; x_wconf 74' lang='lat'><strong><em>————--·—‘</em></strong></span> 
     </span>
    </p>
   </div>
   <div class='ocr_carea' id='block_1_6' title="bbox 354 4241 1478 4407">
    <p class='ocr_par' dir='ltr' id='par_1_6' title="bbox 354 4241 1478 4407">
     <span class='ocr_line' id='line_1_34' title="bbox 354 4241 1475 4318; baseline 0.004 -20"><span class='ocrx_word' id='word_1_233' title='bbox 354 4251 405 4298; x_wconf 88' lang='lat'>893</span> <span class='ocrx_word' id='word_1_234' title='bbox 424 4247 542 4297; x_wconf 88' lang='lat' dir='ltr'>obrutum</span> <span class='ocrx_word' id='word_1_235' title='bbox 567 4241 580 4312; x_wconf 70' lang='grc'>11</span> <span class='ocrx_word' id='word_1_236' title='bbox 605 4248 657 4296; x_wconf 85' lang='grc'>894</span> <span class='ocrx_word' id='word_1_237' title='bbox 675 4247 726 4296; x_wconf 84' lang='lat' dir='ltr'>Am</span> <span class='ocrx_word' id='word_1_238' title='bbox 751 4244 765 4315; x_wconf 83' lang='grc' dir='ltr'>Η</span> <span class='ocrx_word' id='word_1_239' title='bbox 790 4250 839 4298; x_wconf 82' lang='grc'>897</span> <span class='ocrx_word' id='word_1_240' title='bbox 860 4248 920 4300; x_wconf 83' lang='lat' dir='ltr'>iacti</span> <span class='ocrx_word' id='word_1_241' title='bbox 945 4245 959 4317; x_wconf 79' lang='grc' dir='ltr'>Η</span> <span class='ocrx_word' id='word_1_242' title='bbox 984 4251 1034 4300; x_wconf 81' lang='grc'>909</span> <span class='ocrx_word' id='word_1_243' title='bbox 1054 4251 1112 4314; x_wconf 88' lang='lat' dir='ltr'>Quo</span> <span class='ocrx_word' id='word_1_244' title='bbox 1137 4247 1150 4318; x_wconf 85' lang='grc' dir='ltr'>ΙΙ</span> <span class='ocrx_word' id='word_1_245' title='bbox 1175 4252 1224 4300; x_wconf 88' lang='grc'>906</span> <span class='ocrx_word' id='word_1_246' title='bbox 1244 4252 1325 4302; x_wconf 87' lang='lat' dir='ltr'>ciuem</span> <span class='ocrx_word' id='word_1_247' title='bbox 1345 4252 1441 4302; x_wconf 83' lang='lat' dir='ltr'>iactum</span> <span class='ocrx_word' id='word_1_248' title='bbox 1462 4253 1475 4318; x_wconf 78' lang='lat' dir='ltr'>ll</span> 
     </span>
     <span class='ocr_line' id='line_1_35' title="bbox 356 4331 1478 4407; baseline 0.003 -21"><span class='ocrx_word' id='word_1_249' title='bbox 356 4338 405 4386; x_wconf 85' lang='lat'>008</span> <span class='ocrx_word' id='word_1_250' title='bbox 424 4343 449 4384; x_wconf 88' lang='lat' dir='ltr'>et</span> <span class='ocrx_word' id='word_1_251' title='bbox 469 4331 482 4402; x_wconf 76' lang='grc' dir='ltr'>Η</span> <span class='ocrx_word' id='word_1_252' title='bbox 504 4337 554 4386; x_wconf 88' lang='grc'>910</span> <span class='ocrx_word' id='word_1_253' title='bbox 573 4349 600 4384; x_wconf 90' lang='lat' dir='ltr'>se</span> <span class='ocrx_word' id='word_1_254' title='bbox 621 4331 633 4403; x_wconf 76' lang='lat' dir='ltr'>ll</span> <span class='ocrx_word' id='word_1_255' title='bbox 655 4338 704 4386; x_wconf 88' lang='grc'>914</span> <span class='ocrx_word' id='word_1_256' title='bbox 720 4335 810 4386; x_wconf 87' lang='lat' dir='ltr'>fluctus</span> <span class='ocrx_word' id='word_1_257' title='bbox 830 4332 843 4404; x_wconf 72' lang='lat' dir='ltr'>ll</span> <span class='ocrx_word' id='word_1_258' title='bbox 865 4339 914 4386; x_wconf 83' lang='grc'>917</span> <span class='ocrx_word' id='word_1_259' title='bbox 935 4345 1028 4388; x_wconf 87' lang='lat' dir='ltr'>torret.</span> <span class='ocrx_word' id='word_1_260' title='bbox 1050 4337 1062 4404; x_wconf 71' lang='lat' dir='ltr'>l}</span> <span class='ocrx_word' id='word_1_261' title='bbox 1084 4339 1133 4387; x_wconf 90' lang='grc'>919</span> <span class='ocrx_word' id='word_1_262' title='bbox 1148 4337 1275 4402; x_wconf 86' lang='lat' dir='ltr'>requiret.</span> <span class='ocrx_word' id='word_1_263' title='bbox 1296 4337 1309 4407; x_wconf 76' lang='grc' dir='ltr'>Η</span> <span class='ocrx_word' id='word_1_264' title='bbox 1330 4341 1381 4389; x_wconf 78' lang='grc'>999</span> <span class='ocrx_word' id='word_1_265' title='bbox 1395 4339 1478 4404; x_wconf 86' lang='lat' dir='ltr'>adigit</span> 
     </span>
    </p>
   </div>
   <div class='ocr_carea' id='block_1_7' title="bbox 0 0 1638 4994">
    <p class='ocr_par' dir='ltr' id='par_1_7' title="bbox 0 0 1638 4994">
     <span class='ocr_line' id='line_1_36' title="bbox 0 0 1638 4994; baseline 0 1"><span class='ocrx_word' id='word_1_266' title='bbox 0 0 1638 4994; x_wconf 95' lang='lat' dir='ltr'> </span> 
     </span>
    </p>
   </div>
  </div>
 </body>
</html>
