3266 4994
143 563 176 627 iu
198 561 304 628 medio
327 565 362 625 ut
383 561 536 646 propulsa
558 579 616 624 suo
640 560 804 626 condensa
827 559 944 643 eoiret,

144 683 211 741 tam
235 676 340 758 magis
363 693 533 760 expressus
557 675 661 739 salsus
683 673 724 740 de
746 693 879 758 corpore
903 674 1001 738 sudor
1106 753 1111 762 ¹

144 790 287 872 augebat
308 808 396 854 mare
418 787 581 854 manando
605 785 798 872 camposque
822 788 981 867 nutantia,

144 914 177 974 et
199 911 288 972 tanto
311 903 416 985 magis
438 903 493 967 illa
515 903 602 967 sorus
625 903 739 968 elabsa
761 903 914 968 volabant

72 1044 119 1090 400
144 1041 283 1106 corpora
305 1018 403 1082 multa
424 1017 552 1100 vaporis
575 1021 606 1081 et
628 1016 729 1099 airis,
746 1017 875 1098 altaque
899 1017 980 1085 caeli

145 1133 326 1200 densebant
348 1131 459 1216 prooul
482 1151 502 1193 a
524 1130 614 1194 terris
637 1129 793 1211 fulgentia
814 1130 957 1215 templa.

144 1247 296 1314 sidebant
318 1244 444 1329 campi,
461 1245 647 1310 oresoebant
669 1246 830 1310 montibus
854 1246 928 1310 altis

146 1382 320 1428 aseensus:
337 1379 440 1441 neque
464 1359 547 1423 enirn
569 1366 717 1450 poterant
739 1360 906 1426 subsidere
930 1381 1010 1426 saxa

145 1497 207 1542 5500
228 1475 350 1560 pariter
371 1475 558 1539 tantundem
581 1493 691 1538 omnes
714 1475 916 1540 subcumbere
939 1474 1060 1558 partis.

73 1611 120 1656 505
189 1590 243 1655 Sin
265 1590 360 1670 igitur
383 1596 488 1653 terrae
511 1595 659 1653 oonoroto
684 1608 818 1672 corpore
840 1588 966 1672 pondus
1037 1592 1039 1601 '

148 1705 309 1780 constitit,
326 1709 420 1785 atque
443 1703 545 1768 omnis
569 1702 678 1768 mundi
702 1703 791 1784 quasi
815 1702 909 1768 limus
931 1703 964 1768 in
987 1704 1083 1768 imum

148 1817 298 1884 confluxit
319 1817 426 1899 gravis
451 1823 482 1882 et
504 1816 649 1882 subsedit
670 1817 813 1882 funditus
837 1823 870 1881 ut
892 1818 986 1897 faex;

147 1930 222 1996 inde
246 1951 352 2008 mare,
368 1930 444 1996 inde
467 1939 540 2016 005,
558 1931 632 1996 inde
656 1931 764 1997 aether
787 1932 903 2015 ignifer
924 1934 1013 2016 ipse.

148 2045 333 2130 corporibus
355 2045 483 2128 liquidis
506 2052 580 2110 sunt
602 2047 708 2111 omnia
731 2067 812 2130 pura
834 2048 963 2112 relicta:

80 2181 125 2226 500
151 2165 182 2225 et
203 2160 327 2226 leviora
349 2160 421 2224 aliis
444 2160 527 2243 alia,
545 2167 576 2224 et
598 2160 828 2242 liquidissimus
851 2161 960 2226 aether

148 2279 243 2356 atque
266 2275 446 2340 levissimus
469 2274 692 2359 aeriaasuper
715 2275 817 2341 influit
840 2297 955 2361 auras,

147 2408 206 2455 neo
229 2389 385 2472 liquidum
408 2409 523 2473 eorpus
547 2389 743 2455 turbantibus
766 2392 849 2456 ae'ris
874 2391 959 2454 auris

150 2503 442 2578 commiscet.sinit
463 2503 514 2568 hio
535 2502 683 2568 violentis
707 2504 812 2567 urnula
833 2504 913 2570 verti

149 2617 345 2700 turbinibus,
362 2617 437 2680 sinit
458 2617 589 2682 incertis
611 2617 738 2682 turbare
761 2617 931 2701 procellis,

84 2749 126 2796 505
150 2731 220 2815 ipse
241 2751 317 2797 suos
339 2732 422 2816 ignis
445 2739 531 2798 nerto
553 2731 614 2796 tert
635 2732 750 2815 impete
772 2732 904 2797 labens.

150 2867 224 2912 nam
247 2846 370 2913 modice
391 2846 489 2911 fluere
512 2851 607 2926 atque
629 2841 693 2910 uno
716 2865 812 2930 posse
835 2827 964 2912 aethera
986 2845 1058 2910 nisu

150 2961 469 3045 signifieat·Pontos‚
486 2979 574 3026 mare
598 2966 683 3026 certo
707 2960 790 3042 quod
813 2959 881 3024 fluit
904 2966 996 3026 aestu
1058 2943 1061 2950 ⁴

151 3095 248 3141 unum
270 3074 403 3139 labendi
427 3095 621 3140 conservans
643 3095 744 3158 usque
767 3082 928 3154 tenorem,

80 3173 83 3182 ¹
190 3189 346 3278 [Motibus
368 3194 524 3254 astrorum
548 3210 633 3256 nune
657 3175 740 3273 quae
762 3191 803 3257 sit
825 3211 923 3256 nausa
946 3211 1117 3256 canamus.

81 3321 128 3367 550
151 3303 305 3388 principio
330 3323 464 3387 magnus
488 3304 569 3369 00011
592 3305 618 3368 si
642 3306 772 3370 vortitur
793 3305 899 3382 orbis,

151 3438 191 3484 ex
213 3424 348 3499 utraque
370 3418 480 3502 polum
503 3419 586 3501 parti
609 3438 754 3502 premere
778 3426 854 3483 aera
878 3417 970 3482 nobis

151 3532 319 3598 dicendum
343 3540 389 3596 est
412 3538 566 3613 extraque
588 3538 696 3614 tenere
718 3537 749 3596 et
771 3530 920 3595 claudere
943 3530 1120 3612 ut1·imque;

149 3647 222 3714 inde
244 3647 339 3710 alium
353 3665 461 3730 ,supra
482 3645 580 3712 fluere
603 3651 700 3728 atque
720 3645 884 3710 intendere
908 3643 1078 3724 deorsum,

83 3776 127 3825 555
150 3760 223 3827 hino
245 3760 341 3826 alium
365 3766 492 3844 supter,
510 3765 621 3826 eontra
645 3760 698 3842 qui
721 3757 877 3824 subvehat
899 3759 1031 3842 orbem;

149 3881 183 3938 ut
203 3874 317 3940 fluvios
339 3894 466 3940 versare
489 3881 577 3940 rotas
602 3882 698 3958 atque
720 3880 828 3940 austra
850 3874 1016 3940 videmus.

82 4001 127 4050 514
151 4007 211 4068 qno
234 3990 392 4055 volvenda
414 3987 533 4053 minant
554 3989 674 4054 aeterni
697 3988 804 4054 sidera
825 3989 954 4052 mundi.

153 4259 371 4312 491Densabant
396 4260 410 4328 Η
435 4263 485 4311 500
503 4258 581 4310 levior
606 4255 619 4326 ΙΙ
641 4260 690 4310 503
711 4257 847 4309 Commissi
869 4256 964 4328 11155500
984 4258 987 4325 l
1018 4261 1066 4306 507
1087 4264 1165 4320 ponto
1186 4252 1199 4328 ΙΙ
1220 4259 1269 4310 513
1306 4222 1310 4230 ¹

153 4347 258 4397 eodem.
280 4347 293 4416 ΙΙ
314 4351 364 4400 510
384 4350 437 4398 Aut
457 4345 471 4417 Η
491 4348 546 4410 quis
567 4343 581 4414 Η
601 4349 651 4394 016
671 4345 762 4394 fluvius
