3236 5020
706 376 722 438 Ι

153 561 218 618 tuto
242 572 293 618 res
316 557 441 616 teneras
464 551 555 616 effert
578 549 610 612 in
633 547 760 612 luminis
777 549 880 612 oras?

73 689 129 734 reo
154 666 288 749 quodsi
312 665 352 729 de
375 665 440 728 nilo
462 663 594 740 fierent,
619 663 722 728 subito
746 669 950 726 exorerentur

59 779 65 793 ²
152 781 273 846 ineerto
298 779 403 862 spatio
427 783 521 858 atque
545 777 659 843 alienis
681 777 825 859 partibus
848 777 946 854 anni;

153 897 272 979 quippe
294 893 346 956 ubi
371 891 458 956 nulla
479 892 586 956 forent
605 890 799 975 primordia,
824 909 906 971 quae
929 891 1067 972 genitali

154 1008 290 1074 oonsilio
313 1012 445 1089 possent
467 1007 566 1072 areeri
590 1012 733 1090 tempore
754 1005 883 1087 iniquo.

152 1143 212 1186 neo
233 1141 328 1204 porro
350 1121 505 1203 augendis
527 1121 621 1185 rebus
645 1120 750 1205 spatio
772 1120 854 1184 soret
875 1139 971 1202 usus,

76 1257 130 1302 rso
155 1235 284 1300 seminis
307 1234 349 1298 ad
374 1235 509 1317 coitum,
533 1235 560 1299 si
584 1255 601 1300 e
624 1236 690 1299 nilo
714 1253 856 1299 oresoere
878 1240 1027 1316 possent:

154 1369 228 1414 uem
251 1349 364 1413 fierent
383 1349 517 1414 iuvenes
539 1350 644 1415 subito
667 1368 707 1414 ex
729 1347 895 1412 infantibu’
917 1348 1044 1432 parvis,

152 1483 171 1528 e
194 1470 343 1544 terraque
367 1469 477 1527 exorta
498 1470 631 1546 repente
654 1463 782 1526 arbusta
806 1461 958 1526 salirent.

154 1599 288 1660 quorum
309 1577 354 1641 nil
376 1576 444 1641 fieri
465 1576 668 1642 manifestum
692 1583 758 1658 est,
783 1575 891 1639 omnia
912 1575 1041 1656 quando

153 1692 308 1776 paulatim
331 1697 497 1766 creseunt,
520 1697 553 1754 ut
576 1711 634 1774 par
656 1696 705 1756 est
727 1689 849 1754 semine
872 1695 957 1753 eerto

78 1829 131 1874 roo
154 1825 318 1889 creseere,
340 1823 456 1886 resque
479 1824 581 1885 genus
604 1810 751 1881 servant;
773 1810 808 1866 ut
829 1822 963 1868 noscere
986 1805 1090 1886 possis

153 1920 288 2001 quicque
311 1939 369 1984 sua
392 1918 432 1982 de
454 1898 587 1982 materia
609 1919 823 2001 grandescere
846 1917 973 1998 alique.

153 2034 214 2099 huo
237 2033 362 2099 aceedit
383 2033 427 2096 uti
451 2032 519 2097 sine
542 2032 635 2097 eertis
657 2033 812 2096 imbribus
835 2034 911 2097 anni

151 2149 307 2214 laetificos
330 2153 469 2228 nequeat
490 2147 573 2212 fetus
595 2149 779 2212 submittere
803 2149 916 2232 tellus,

153 2283 214 2328 neo
235 2283 329 2346 porro
353 2269 473 2328 seoreta
497 2262 567 2326 eibo
590 2268 705 2326 natura
730 2263 926 2327 animantum

79 2399 129 2445 195
154 2396 336 2462 propagare
358 2396 459 2461 genus
481 2377 582 2461 possit
604 2377 765 2459 vitamque
787 2379 887 2457 tueri;

154 2499 187 2556 ut
208 2493 313 2575 potius
335 2492 442 2556 multis
465 2492 646 2556 eommunia
669 2512 807 2575 corpora
830 2494 923 2557 rebus

154 2608 253 2672 muita
275 2613 366 2690 putes
389 2625 480 2682 esse,
503 2613 537 2668 ut
558 2606 666 2670 verbis
689 2607 847 2670 elementa
869 2606 1033 2687 videmus,

155 2743 249 2803 quam
272 2721 340 2786 sine
363 2720 526 2804 principiis
549 2720 645 2783 ullam
668 2740 734 2784 rem
758 2720 893 2784 existere
915 2739 1033 2803 posse.

155 2837 293 2918 deniqne
316 2855 371 2900 our
393 2835 538 2900 homines
561 2840 669 2899 tantos
690 2839 807 2899 natura
829 2855 947 2919 parare

83 2973 133 3018 200
155 2973 218 3016 non
240 2951 361 3037 potuit,
385 2949 521 3034 pedibus
544 2950 597 3031 qui
619 2956 750 3034 pontum
773 2970 831 3035 per
852 2949 936 3015 vada
957 2957 1089 3034 possent

154 3067 290 3131 transire
314 3073 344 3132 et
366 3086 501 3146 magnos
523 3067 671 3131 manibus
692 3065 846 3132 divellere
868 3066 984 3131 montis

154 3183 318 3262 multaque
340 3182 477 3246 vivendo
500 3183 611 3248 vitalia
628 3178 760 3249 'vincere
783 3180 913 3255 saeola,

156 3295 182 3360 si
205 3317 289 3372 non,
313 3298 464 3362 materies
487 3299 561 3378 quia
583 3298 679 3363 rebus
702 3297 828 3363 reddita
854 3301 970 3360 certast

154 3409 345 3494 gignundis,
370 3431 388 3476 e
411 3433 474 3494 qua
497 3419 624 3478 constat
647 3413 722 3494 quid
744 3409 847 3495 possit
869 3409 969 3473 oriri?

85 3547 133 3592 nos
155 3525 198 3588 nil
220 3525 316 3606 igitur
337 3525 404 3591 fieri
427 3528 467 3592 de
490 3529 555 3593 nilo
578 3547 675 3613 posse
697 3525 912 3605 fatendumst,

153 3640 273 3705 semiue
297 3640 426 3721 quando
450 3663 531 3727 opus
554 3647 602 3707 est
623 3641 738 3724 rebus,
762 3659 824 3721 quo
849 3656 995 3719 quaeque
1018 3643 1146 3701 oreatae

155 3755 238 3820 aeris
260 3755 293 3818 in
315 3761 441 3822 teneras
463 3758 589 3840 possint
610 3754 784 3841 proferrier
806 3773 921 3818 auras.

154 3875 314 3952 postremo
339 3870 490 3950 quoniam
513 3873 637 3938 incultis
660 3876 824 3956 praestare
845 3867 989 3933 videmus

154 3984 238 4048 culta
260 3984 334 4048 lona
357 3990 388 4048 et
408 3984 557 4050 manibus
578 3987 718 4052 melioris
739 3984 874 4050 reddere
896 3984 1000 4065 setus,

85 4120 133 4167 mo
156 4117 228 4164 esse
250 4098 402 4164 videlieet
423 4097 456 4160 in
478 4097 571 4162 terris
591 4100 768 4181 primordia
793 4118 918 4182 rerum,

160 4345 208 4396 190
227 4344 422 4406 Crescentesqne
443 4339 526 4408 {1207
546 4349 648 4404 possent
