3240 5010
248 448 250 454 ,
348 361 411 426 999
891 355 936 420 vr

815 430 822 456 l

388 526 481 602 Quod
505 546 601 610 super
624 534 691 610 est,
709 545 804 612 agere
827 527 978 610 incipiam
1002 547 1064 609 quc
1088 527 1219 594 foedere
1241 527 1297 594 liat

351 648 504 718 naturae,
522 641 605 726 lapis
628 640 681 706 hie
703 650 738 705 ut
758 640 879 706 ferrum
902 641 1018 706 ducere
1041 643 1162 726 possit,

348 777 443 840 quem
465 759 616 838 Magneta
638 763 753 821 vocant
777 756 879 840 patric
903 756 944 821 de
968 757 1096 822 nomine
1120 757 1217 834 Grai,

349 875 531 958 Magnetum
555 873 630 954 qnia
651 872 686 935 fit
709 871 822 956 patriis
844 871 876 934 in
899 871 1016 936 finibus
1039 880 1130 938 ortu.

273 1007 324 1054 910
350 988 433 1052 hunc
455 987 600 1051 homines
623 986 763 1071 lapidem
787 987 962 1050 mirantur:
980 985 1099 1070 quippe
1122 992 1270 1050 catenam
1349 1069 1354 1080 .

349 1121 450 1185 saepe
474 1122 512 1165 ex
535 1102 650 1166 anellis
674 1102 778 1166 reddit
800 1102 1017 1187 pendentibus
1041 1121 1080 1166 ex
1104 1122 1159 1166 sc.

347 1218 487 1299 quinque
511 1218 627 1281 etenim
650 1216 725 1282 licet
748 1217 831 1281 inter
852 1218 926 1282 dum
949 1218 1122 1301 pluresque
1145 1217 1255 1282 videre

349 1311 461 1395 ordine
485 1331 644 1398 demissos
666 1333 791 1398 levibns
814 1333 962 1398 iactarier
984 1334 1093 1417 auris,

347 1467 429 1510 unns
453 1447 507 1511 nbi
530 1467 569 1511 ex
592 1468 656 1513 unc
678 1447 838 1532 dependet
860 1453 970 1531 supter
993 1449 1195 1530 adhaerens,

274 1581 323 1627 nic
350 1580 388 1623 ex
412 1561 540 1644 alioque
564 1562 647 1626 alius
669 1563 787 1647 lapidis
809 1564 872 1627 vim
895 1562 1066 1644 vinclaque
1088 1563 1211 1628 nescit:

349 1696 449 1758 nsque
473 1676 553 1742 adeo
576 1686 804 1761 permananter
826 1679 874 1743 vis
897 1679 1042 1761 pervolat
1063 1679 1150 1744 eius.

388 1793 455 1854 Hne
477 1812 579 1874 genus
602 1793 633 1856 in
657 1794 752 1858 rebus
774 1792 994 1857 firmandumst
1016 1793 1116 1857 multa
1138 1791 1226 1876 prius
1249 1813 1342 1873 qnam

347 1906 449 1988 ipsius
472 1907 520 1972 rei
543 1909 700 1972 rationem
723 1908 859 1972 reddere
881 1909 1007 1991 possis,

348 2027 380 2084 et
401 2022 531 2085 nimium
555 2022 660 2104 longis
683 2022 877 2103 amhagibus
900 2027 950 2086 est
971 2022 1175 2104 adeundnm3

275 2154 324 2201 999
351 2154 413 2216 quo
439 2136 540 2217 magis
563 2142 700 2202 attentas
722 2137 810 2202 auris
833 2137 1038 2219 animumque
1061 2157 1215 2221 reposco.

387 2251 548 2337 Principio
574 2254 721 2317 omnibus
744 2253 785 2316 ab
809 2253 926 2328 rebus,
943 2273 1024 2334 quas
1047 2271 1182 2334 cumque
1205 2251 1368 2335 videmus,

319 2394 323 2400 ·
348 2376 503 2453 perpetuo
525 2369 624 2434 fluere
647 2387 684 2432 ac
708 2367 786 2432 mitti
798 2349 982 2452 ‘spargique
1005 2375 1167 2434 necessest

350 2504 484 2567 corpora
508 2505 593 2566 quae
616 2483 733 2550 feriant
755 2484 866 2548 oculos
889 2483 1054 2566 visumque
1077 2485 1260 2550 lacessant:

351 2608 570 2685 perpetuoque
593 2601 695 2665 fluunt
718 2601 813 2664 certis
836 2600 878 2662 ab
900 2600 996 2664 rebus
1018 2600 1153 2682 odores3

274 2738 323 2784 aaa
349 2717 451 2802 frigus
475 2723 509 2780 ut
530 2737 552 2781 a
573 2717 699 2792 fluviis,
716 2716 804 2780 calor
826 2716 867 2778 ab
890 2716 978 2798 sole,
996 2721 1104 2780 aestus
1128 2715 1169 2778 ab
1193 2714 1288 2778 undis

350 2833 520 2918 aequoris,
538 2853 652 2899 exesor
674 2850 872 2913 moerorum,
890 2829 983 2894 litura
1004 2835 1154 2914 propter:

349 2970 408 3016 nec
430 2950 511 3014 varii
535 2953 662 3014 cessant
684 2949 807 3012 sonitus
830 2964 961 3008 manare
983 2963 1042 3027 per
1064 2965 1180 3009 auras:

349 3064 488 3146 deniqne
510 3065 542 3127 in
566 3085 602 3129 os
625 3062 704 3128 salsi
726 3061 813 3126 venit
835 3079 927 3123 nnrnr
949 3077 1047 3142 saepe
1071 3059 1216 3141 saporis,

349 3200 419 3245 cum
442 3198 533 3244 mare
555 3197 722 3244 versamur
744 3180 893 3259 propter,
912 3172 1076 3255 dilutaque
1099 3179 1210 3237 contra

273 3317 324 3362 994
348 3302 414 3360 tum
436 3294 553 3357 tuimur
575 3291 700 3357 misceri
721 3289 901 3365 absinthia,
917 3288 1021 3371 tangit
1043 3309 1190 3353 amarer.

349 3429 450 3492 nsque
474 3409 556 3474 adeo
581 3407 727 3472 omnibns
750 3405 791 3468 ab
814 3402 909 3468 rebus
931 3423 983 3466 res
1006 3423 1153 3486 quaeque
1174 3403 1309 3467 fluenter

274 3546 325 3593 939
349 3524 448 3590 fertur
472 3526 556 3588 etin
581 3527 709 3587 cunctas
733 3519 898 3584 dimittitur
921 3518 1061 3601 undique
1084 3518 1205 3602 partis,

349 3660 408 3704 nee
430 3659 523 3702 mora
545 3657 605 3702 nec
629 3636 755 3718 requies
778 3634 859 3700 inter
882 3634 975 3698 datur
999 3633 1065 3697 ulla
1086 3633 1224 3716 fluendi,

351 3760 507 3838 perpetuo
531 3751 680 3834 queniam
704 3750 858 3814 sentimus
881 3756 912 3813 et
934 3749 1041 3811 omnia
1064 3767 1210 3831 semper.

351 4091 400 4138 907
419 4087 484 4151 lapsi
508 4081 522 4153 Η
548 4087 598 4134 908
618 4084 702 4146 Quam
726 4080 739 4149 Η
765 4085 815 4131 999
835 4089 920 4130 crtus.
943 4077 956 4148 Η
977 4084 1026 4130 919
1047 4081 1097 4158 Qui
1116 4095 1197 4142 neque
1222 4075 1236 4146 Η
1260 4081 1310 4128 913
1330 4079 1439 4129 demisso
1461 4077 1474 4142 Η

350 4179 458 4225 laetarer
477 4190 567 4223 auras.
590 4171 602 4238 Η
626 4175 675 4220 915
695 4171 829 4232 vinclaque
854 4166 867 4237 Η
888 4172 937 4218 916
957 4177 1116 4232 permanuter
1141 4169 1154 4234 Η
1178 4168 1288 4231 pervalet
1314 4163 1328 4234 Η
1352 4169 1401 4214 919
1422 4183 1475 4214 am-

352 4263 489 4327 baginibns
509 4259 522 4328 Η
543 4263 592 4309 999
611 4259 668 4307 miti
687 4259 820 4322 spurcique
846 4255 858 4324 Η
879 4260 929 4306 993
949 4274 1013 4320 aqne
1032 4255 1047 4324 Η
1068 4260 1118 4305 995
1139 4257 1311 4304 corruissem.
1333 4253 1345 4318 Η
1367 4253 1440 4300 llnvis
1460 4251 1474 4320 Η

353 4369 368 4400 a
387 4353 439 4399 sole
462 4347 474 4416 Η
497 4351 547 4396 998
566 4355 625 4396 vent
646 4344 659 4414 Η
680 4349 725 4394 931
748 4346 832 4407 reqrds
852 4343 866 4413 Η
887 4345 1119 4404 933=1v,·229.
