3236 5020
716 405 731 470 Ι

157 598 294 661 ossaque
318 585 349 643 et
371 577 500 642 omnino
522 595 624 642 renas
646 575 810 660 partisque
832 576 975 659 cruoris,

156 696 211 758 fiet
232 695 277 759 uti
301 693 390 758 cibus
413 690 536 766 omnis,
560 689 722 786 etaridus
746 696 777 754 et
799 690 904 772 liquor
925 691 1015 773 ipse,

76 829 129 876 aaa
156 828 197 874 ex
219 807 412 889 alienigenis
435 805 530 870 rebus
553 809 699 870 constare
722 811 869 889 putetur,

157 922 284 988 ossibus
308 927 340 986 et
361 919 468 986 nervis
491 920 645 1002 venisque
669 925 700 983 et
723 919 879 1001 sanguine
903 918 1022 982 mixto.

155 1042 325 1120 praeterea
349 1054 432 1117 quae
455 1054 590 1116 cumque
613 1055 630 1098 e
653 1040 738 1099 terra
760 1053 896 1117 corpora
919 1038 1065 1098 crescunt

155 1151 182 1216 si
206 1151 334 1215 suntin
358 1151 471 1235 terris,
495 1157 610 1214 terram
634 1154 781 1213 constare
803 1153 969 1214 necessest

154 1284 193 1328 ex
217 1264 428 1349 alienigenis,
453 1283 537 1347 quae
559 1265 652 1328 terris
675 1262 882 1328 exoriuntur.

72 1399 129 1444 aro
154 1379 296 1444 transfer
315 1380 411 1455 item,
435 1380 567 1444 totidem
590 1379 697 1444 verbis
720 1383 811 1442 utare
833 1377 961 1441 licebit.

155 1493 187 1556 in
209 1494 306 1574 lignis
330 1494 357 1558 si
379 1493 509 1556 flamma
531 1493 609 1556 latet
631 1491 801 1572 fumusque
826 1491 992 1571 cinisque,

156 1625 196 1670 ex
219 1606 409 1688 alienigenis
433 1605 610 1670 consistant
632 1605 720 1688 ligna
742 1610 925 1670 necessest.

155 1724 324 1801 praetcrea
346 1719 443 1783 tellus
466 1737 549 1800 quae
573 1738 708 1803 corpora
731 1739 866 1800 cumque
889 1719 966 1796 alit,
991 1724 1088 1802 auget

156 1851 196 1895 ex
220 1832 430 1915 alienigenis,
456 1852 540 1913 quae
563 1833 752 1917 alienigenis
775 1834 936 1898 oriuntur.

73 1966 129 2012 aaa
198 1945 365 2028 Linquitur
388 1947 438 2013 hic
462 1946 621 2027 quaedam
645 1947 792 2013 latitandi
816 1950 909 2042 copia
930 1948 1054 2031 tenvis,

154 2060 187 2124 id
212 2060 296 2142 quod
319 2063 530 2144 Anaxagoras
552 2061 614 2126 sibi
637 2062 751 2146 sumit,
776 2066 811 2126 ut
833 2055 1109 2126 omnibus'omnis

153 2194 205 2240 res
227 2179 317 2258 putet
338 2175 489 2240 inmixtas
511 2177 607 2241 rebus
629 2177 775 2259 latitare,
799 2175 857 2241 sed
879 2174 960 2239 illud

154 2271 309 2373 ap'parere
331 2309 449 2373 unum,
473 2291 563 2356 cuius
585 2291 649 2355 sint
670 2291 809 2375 plurima
831 2291 933 2355 mixta

155 2410 186 2468 et
206 2404 310 2488 magis
333 2404 367 2467 in
387 2410 537 2487 promptu
560 2406 724 2487 primaque
746 2407 780 2470 in
803 2406 908 2470 fronte
930 2405 1057 2468 locata.

73 2537 131 2584 880
157 2516 242 2598 quod
265 2524 373 2583 tamen
396 2538 416 2581 a
437 2537 516 2582 vera
538 2518 635 2599 longe
658 2520 783 2584 ratione
804 2520 1019 2604 repulsumst.

155 2631 365 2695 conveniebat
387 2631 471 2695 euim
494 2630 605 2712 fruges
629 2651 755 2713 quoque
777 2651 897 2715 saepe,
922 2631 1037 2694 minaci

155 2745 270 2809 robore
293 2762 365 2806 curn
387 2745 458 2808 saxi
481 2743 689 2828 franguntur,
713 2727 836 2812 mittere
859 2747 984 2830 siguum

81 2855 93 2896 ‘
155 2855 322 2938 sanguinis
344 2864 400 2921 aut
422 2857 562 2941 aliquid,
587 2868 694 2924 nostro
718 2881 800 2942 quae
825 2879 957 2945 corpore
979 2860 1128 2938 aluntur3
1184 2875 1187 2882 ·

157 2991 228 3036 cum
250 2970 349 3053 lapidi
365 2963 512 3055 'lapidem
535 2975 687 3056 terimus,
712 2995 841 3040 manare
863 2995 1028 3042 cruorem.

74 3106 130 3154 aaa
155 3084 313 3150 consimili
335 3087 459 3152 ratione
481 3086 597 3152 herbas
622 3109 750 3170 quoque
773 3109 871 3175 saepe
894 3091 1031 3156 decebat

155 3206 188 3266 et
209 3200 311 3265 laticis
335 3202 437 3267 dulcis
459 3207 567 3285 guttas
589 3203 749 3285 similique
770 3225 886 3288 sapore

154 3314 299 3396 mittere,
322 3314 488 3399 lanigerae
513 3317 600 3398 quali
623 3324 697 3382 sunt
719 3317 817 3382 ubere
839 3318 951 3394 lactis,

156 3425 296 3510 scilicet,
320 3435 351 3492 et
372 3431 481 3512 glebis¹
497 3436 656 3496 terrarum
679 3449 777 3513 saepe
800 3431 904 3495 friatis

157 3535 327 3602 herbarum
350 3563 470 3623 genera
494 3552 525 3610 et
547 3545 657 3629 fruges
678 3544 874 3625 frondesque
889 3545 997 3610 'videri

77 3672 131 3719 sao
156 3649 326 3734 dispertita
347 3654 427 3719 inter
448 3664 563 3723 terram
586 3660 713 3724 latitare
736 3659 876 3737 minute,

154 3771 316 3849 postremo
339 3765 372 3830 in
394 3768 492 3849 lignis
514 3773 652 3838 cinerem
675 3774 860 3854 fumumque
882 3773 1004 3857 videri,
1089 3807 1103 3820 ·

156 3898 227 3944 cunr
250 3880 432 3964 praefracta
454 3882 578 3963 forent,
600 3888 750 3970 ignisque
773 3890 872 3954 latere
896 3889 1053 3952 minutos.

156 4015 289 4076 quorum
311 3995 359 4060 nil
381 3995 450 4062 fieri
474 3999 625 4077 quoniam
648 4003 816 4068 manifesta
838 4002 932 4068 docet
954 4021 1025 4085 res,

155 4265 204 4312 866
224 4266 344 4327 sanieque
365 4263 378 4334 ll
398 4265 496 4313 mixta.
518 4258 531 4331 ΙΙ
551 4265 602 4311 874
622 4279 686 4324 quae
704 4266 780 4328 liguis
800 4264 814 4335 ΙΙ
834 4271 884 4316 882
904 4283 962 4316 oum
981 4267 1007 4314 iu
1028 4263 1041 4333 Η
1062 4268 1112 4314 884
1131 4266 1156 4312 iu
1172 4266 1281 4328 lapidem

155 4359 267 4400 tenemus
288 4351 301 4420 ll
322 4357 372 4401 886
391 4353 474 4402 herois
495 4349 508 4418 ΙΙ
530 4353 580 4398 886
599 4350 687 4400 latices
707 4349 720 4418 Η
741 4355 791 4400 890
810 4354 835 4402 ἰιι
857 4352 870 4420 ΙΙ
891 4357 940 4402 893
960 4370 998 4402 res
1018 4355 1157 4404 catiacum.
