3266 4994
349 338 409 402 190
893 327 919 390 V

272 521 321 568 teo
349 506 381 565 et
403 500 522 582 semel,
539 503 572 562 ut
594 499 680 563 fama
704 504 770 580 est,
789 519 879 564 umor
902 499 1043 580 regnarit
1064 498 1095 562 iu
1120 497 1227 562 arvis.

345 615 431 697 ignis
454 613 538 679 enirn
561 618 692 694 superet
714 619 747 678 et
768 612 912 678 lambens
935 614 1036 678 multa
1059 611 1217 697 perussit,

346 729 419 793 avia
441 749 511 796 eum
535 726 735 792 Phaethonta
757 747 859 810 rapax
881 727 929 792 vis
952 726 1030 792 solis
1053 745 1207 808 equorum

347 845 476 908 aethere
498 839 636 924 raptavit
657 846 724 905 toto
746 846 911 922 terrasque
934 859 992 925 per
1015 841 1136 906 omnis:

348 963 382 1022 at
403 962 495 1040 pater
518 951 721 1037 omnipotens
744 955 879 1018 iratum
901 956 1039 1039 pereites
1062 955 1129 1020 aeri

272 1092 322 1138 too
349 1069 587 1153 magnanimum
610 1067 810 1133 Phaethonta
832 1069 956 1154 repenti
978 1067 1119 1136 fulminis
1141 1069 1206 1136 ietu

347 1182 529 1249 deturbavit
551 1181 641 1262 equis
664 1181 696 1245 in
719 1187 854 1266 terram,
872 1183 985 1264 solque
1008 1183 1133 1249 eadeuti

348 1297 463 1362 obvius
485 1302 648 1361 aeternam
668 1296 810 1380 sueeepit
832 1297 987 1382 lampada
1010 1298 1138 1382 mundi,
1176 1278 1183 1293 ⁸

348 1411 562 1492 disiectosque
585 1411 707 1492 redegit
730 1431 831 1494 equos
853 1411 1018 1494 iunxitque
1040 1412 1224 1495 trementis,
1279 1453 1285 1470 .

347 1524 422 1590 inde
446 1546 536 1591 suum
560 1545 619 1610 per
640 1525 700 1590 iter
722 1527 877 1592 recreavit
900 1532 1013 1592 ennete
1034 1528 1236 1610 gubernans,

272 1661 322 1722 roe
348 1641 488 1720 seilicet,
505 1644 539 1702 ut
560 1648 686 1708 veteres
709 1642 840 1708 Graium
863 1641 1007 1706 cecinere
1030 1646 1164 1724 poetae.

351 1754 436 1836 quod
458 1759 568 1841 proeul
591 1777 610 1820 a
632 1777 708 1822 vera
731 1757 824 1822 nimis
847 1761 895 1822 est
918 1755 1042 1820 ratione
1065 1756 1248 1839 repulsum.

347 1869 431 1950 ignis
454 1871 536 1934 enim
560 1891 711 1955 superare
734 1877 839 1956 potest
862 1870 915 1934 ubi
938 1869 1082 1934 materiai

349 2003 389 2048 ex
411 1984 533 2050 infinito
556 1993 629 2051 sunt
652 2005 787 2070 corpora
809 1985 902 2068 plura
925 1989 1053 2066 coorta,

272 2117 323 2163 tro
350 2105 381 2162 et
402 2106 537 2182 pereunt
547 2093 610 2166 ’res
633 2106 764 2166 exustae
786 2097 978 2164 torrentibus
1001 2098 1108 2163 auris:

273 2231 322 2278 too
347 2211 421 2278 inde
445 2215 560 2280 eadunt
582 2217 666 2282 vires
689 2215 799 2296 aliqua
822 2213 944 2278 ratione
968 2213 1128 2278 revictae.

273 2345 320 2392 tlt
347 2347 438 2394 umor·
458 2330 543 2403 item,
557 2329 719 2410 quondam
742 2329 846 2413 eoepit
868 2347 1021 2413 superare
1036 2332 1189 2403 eoortns,

347 2449 381 2505 ut
402 2443 489 2508 fama
512 2450 580 2527 est,
598 2443 758 2514 hominum
782 2445 896 2509 emitas
918 2441 1047 2525 quando
1071 2441 1176 2506 obruit
1198 2440 1305 2506 urbis:

347 2559 421 2623 inde
443 2558 498 2622 ubi
520 2559 568 2622 vis
591 2557 701 2640 aliqua
723 2559 846 2624 ratione
869 2578 984 2623 aversa
1006 2556 1157 2639 recessit,

349 2691 389 2736 ex
411 2671 534 2736 infinito
558 2671 663 2736 fuerat
685 2691 769 2755 quae
791 2691 926 2756 eumque
949 2677 1079 2749 eoorte,

272 2807 322 2854 415
349 2785 556 2851 constiterunt
578 2787 695 2852 imbres
718 2793 750 2852 et
771 2787 903 2852 flumina
925 2788 987 2852 vim
1010 2787 1210 2852 minuerunt.

387 2899 450 2963 Sed
474 2901 589 2982 quibus
611 2901 664 2967 ilie
687 2901 789 2966 modis
811 2902 973 2968 eonieetus
996 2900 1144 2967 materiai

347 3013 488 3078 fundarit
509 3021 624 3080 terram
649 3021 680 3082 et
703 3017 826 3081 eaelum
849 3016 1001 3100 pontique
1023 3013 1204 3099 profunda,

348 3129 426 3194 solis
448 3125 536 3193 lu'nai
558 3150 687 3214 oureus,
707 3151 746 3195 ex
769 3130 882 3195 ordine
903 3150 1041 3215 ponam.

346 3263 423 3309 nam
446 3249 530 3310 eerte
552 3263 655 3327 neque
678 3245 811 3311 consilio
834 3244 1009 3329 primordia
1030 3264 1134 3310 rerum

272 3379 323 3426 420
348 3358 460 3423 ordine
483 3379 518 3424 se
541 3379 599 3424 suo
624 3373 769 3441 quaeque
792 3360 903 3442 sagaei
925 3365 1030 3426 mente
1052 3360 1196 3425 loearunt

348 3492 408 3537 nee
430 3493 512 3555 quos
535 3492 683 3556 quaeque
706 3473 821 3540 darent
843 3480 946 3540 motus
969 3473 1122 3560 pepigere
1144 3471 1308 3557 profecto,
1346 3475 1350 3484 ’

347 3586 405 3652 sed
428 3587 503 3670 quie
525 3587 624 3652 multa
647 3589 750 3655 modis
773 3590 879 3655 multis
900 3589 1074 3673 primordia
1095 3607 1199 3651 rerum

348 3720 389 3765 ex
414 3700 536 3767 intinito
559 3702 624 3768 iam
646 3708 790 3788 tempore
813 3704 934 3787 percita
956 3702 1064 3786 plagis

348 3816 609 3900 ponderibusque
633 3816 700 3881 suis
723 3822 915 3882 consuerunt
937 3817 1062 3882 eoueita
1082 3815 1157 3881 ferri

273 3949 324 3997 425
350 3929 604 4013 omnimodisque
627 3929 714 3996 eoire
737 3935 833 4010 atque
857 3929 963 3996 omnia
985 3937 1219 4016 pertemptare.

351 4103 548 4112 u—-Q

354 4211 404 4258 396
427 4208 555 4272 superavit
577 4217 602 4260 et
623 4186 728 4258 ambens
752 4205 765 4273 Η
791 4210 839 4257 397
860 4217 997 4272 petentene
1024 4207 1037 4276 Η
1063 4211 1113 4258 399
1132 4223 1189 4258 eum
1214 4204 1227 4275 11
1252 4211 1302 4260 499
1321 4207 1433 4258 fluminis
1456 4203 1470 4276 ΙΙ

352 4297 402 4343 405
422 4303 523 4358 gratum
543 4291 557 4362 Η
577 4297 628 4345 410
647 4295 701 4342 Aut
721 4291 805 4362 11412
825 4297 914 4344 undis.
935 4293 948 4364 Η
969 4299 1019 4346 125
1038 4305 1107 4346 cotre
