3266 4994
700 383 728 447 V

147 560 180 618 at
202 573 329 638 neque,
346 555 390 618 uti
414 553 528 632 docui,
545 553 648 618 solido
672 573 741 619 cum
767 572 900 636 corpore
923 551 1031 618 mundi
1089 605 1093 630 ,

77 689 122 736 365
146 673 314 754 naturast,
332 669 485 752 quoniam
504 667 713 735 admixtumst
733 668 766 731 in
788 667 885 732 rebus
906 667 1022 752 inane,

145 803 205 848 nec
228 789 340 848 tamen
363 787 412 848 est
434 787 468 846 ut
490 783 733 882 insum-neque⁸
753 787 858 846 autem
882 801 1015 866 corpora
1038 783 1172 860 desunt,

144 915 184 962 ex
208 896 336 962 infinito
361 914 443 978 quae
463 879 688 982 poelltlt'dblte
710 903 819 964 ntcrta

142 1028 299 1076 corruere
321 1009 406 1076 hanc
426 1029 530 1075 rerum
552 999 694 1082 violento
717 1010 840 1075 turbiue
864 1030 1018 1074 summam

143 1131 199 1189 aut
223 1125 323 1190 aliam
346 1125 489 1207 quamvis
512 1124 636 1190 cladem
660 1126 822 1210 inportare
844 1125 977 1209 pericli,

72 1257 118 1304 aro
145 1257 208 1304 nec
232 1259 331 1322 porro
354 1245 469 1334 namra
490 1239 553 1305 loci
576 1238 776 1323 spatiumque
798 1238 946 1322 profundi

142 1352 276 1430 delicit,
293 1353 443 1436 exspargi
467 1371 528 1434 qno
551 1353 677 1438 possint
697 1352 827 1422 moenia
848 1352 979 1430 mundi,

143 1473 202 1532 aut
226 1467 294 1531 alia
317 1467 430 1549 quavis
451 1472 585 1551 possunt
607 1466 638 1532 vi
661 1467 754 1551 pulsa
778 1467 902 1551 perire.

142 1579 224 1645 haut
247 1581 344 1663 igitur
365 1581 419 1644 leti
442 1580 612 1666 praeclusa
634 1587 682 1645 est
703 1581 802 1645 ianua
825 1581 914 1646 caelo

144 1713 208 1760 nec
233 1695 295 1761 soli
318 1701 489 1777 terraeque
511 1713 615 1776 neque
639 1695 710 1761 altis
733 1695 883 1777 aequoris
904 1695 1021 1773 undis,

77 1826 123 1874 375
147 1808 209 1874 sed
233 1813 323 1893 patet
343 1807 475 1873 immani
498 1815 531 1872 et
551 1813 641 1874 vasto
665 1815 823 1895 respectat
843 1809 953 1874 hiatu.

146 1943 250 2004 quare
274 1923 370 1988 etiam
393 1922 502 1987 nativa
524 1928 722 1988 necessumst
742 1923 914 1990 confiteare

144 2036 229 2104 haec
253 2035 366 2102 eadem
382 2059 389 2100 :
407 2055 510 2119 neque
533 2037 616 2102 enim
630 2088 638 2115 ‚
654 2037 782 2102 mortali
806 2057 938 2121 corpore
961 2056 1045 2119 quae
1068 2044 1160 2121 suut,

145 2171 187 2216 ex
211 2150 335 2215 infinito
357 2151 432 2246 iam·
446 2156 588 2235 tempore
610 2151 717 2217 adhuc
737 2151 918 2236 potuissent
1063 2133 1075 2154 ⁸

144 2265 286 2330 inmensi
309 2264 436 2330 validas
459 2266 529 2330 aevi
552 2272 753 2334 contemnere
775 2269 878 2333 vires.

82 2397 123 2444 sso
190 2379 343 2462 Denique
365 2384 530 2463 tantopere
552 2381 634 2444 inter
656 2399 691 2446 se
715 2401 787 2446 cum
810 2381 949 2446 maxima
970 2381 1094 2448 mundi.

145 2500 293 2580 pugnent
313 2493 478 2571 membra,
494 2493 547 2577 pio
570 2513 773 2576 nequaquam
796 2493 920 2559 concita
941 2494 1048 2578 bello,

146 2626 256 2674 nonne
277 2607 368 2672 vides
390 2608 528 2693 aliquam
552 2607 640 2692 longi
664 2608 845 2674 certaminis
868 2608 941 2673 ollis

146 2743 247 2809 posse
270 2722 342 2788 dari
361 2723 475 2806 finem,
491 2721 544 2787 vel
566 2741 636 2788 cum
660 2723 708 2786 sol
731 2728 762 2788 et
784 2742 883 2806 vapor
906 2723 1008 2788 omnis

125 2811 298 2903 'omnibus
322 2838 425 2922 epotis
449 2836 612 2900 umoribus
636 2835 885 2921 exsuperarint?

80 2969 124 3018 aas
149 2952 239 3036 quod
261 2951 368 3016 faeere
390 2950 576 3036 intendunt,
594 2971 699 3035 neque
722 2951 826 3016 adhuc
850 2957 966 3018 donata
987 2955 1172 3038 patrantur:

148 3072 271 3133 tantum
295 3065 502 3150 suppeditant
524 3087 635 3134 amnes
658 3069 806 3154 ultusque
819 3067 990 3133 minantur

150 3179 261 3250 emnia
284 3179 442 3244 diluviare
466 3201 505 3246 ex
528 3183 592 3246 alto
615 3185 743 3266 gurgite
764 3183 873 3268 ponti,

147 3315 190 3360 ue
214 3293 386 3378 quiquam,
404 3297 553 3378 qnoniam
577 3303 743 3364 verrentes
766 3315 905 3378 aequora
927 3297 1012 3360 venti

149 3410 338 3475 deminuunt
361 3409 523 3490 radiisque
545 3416 693 3477 retexens
716 3411 876 3476 aetherius
898 3410 967 3493 sel,

80 3539 126 3590 aso
152 3530 184 3589 et
207 3517 328 3589 siccare
351 3523 437 3606 prius
460 3524 622 3588 confidunt
643 3525 751 3589 omnia
773 3542 871 3606 posse

150 3658 244 3720 quam
268 3637 373 3719 liquor
394 3638 511 3723 incepti
533 3638 636 3722 possit
658 3639 841 3724 contingere
864 3637 979 3702 tinem.

150 3757 271 3817 tantum
295 3751 452 3836 spirantes
475 3773 580 3837 aequo
604 3751 777 3820 certamine
798 3751 917 3817 bellum

151 3866 276 3949 magnis
299 3866 382 3933 inter
402 3887 437 3933 se
459 3867 500 3933 de
522 3870 618 3935 rebus
641 3886 772 3935 cernere
795 3873 935 3946 certant,

152 4000 223 4048 eum
246 3982 345 4049 semel
367 3983 490 4047 interea
511 3979 607 4047 inerit
628 3984 830 4068 superantior
852 3982 936 4064 ignis

154 4259 202 4309 867
229 4267 349 4324 coperia.
378 4256 391 4328 ΙΙ
426 4260 476 4310 315
501 4268 522 4308 0
547 4253 560 4326 Η
579 4223 641 4308 Ι377
671 4261 786 4312 mortalis
818 4258 832 4330 Η
863 4257 913 4306 382
942 4227 1005 4305 olis.
1037 4250 1050 4320 ΙΙ
1083 4255 1132 4303 393
1160 4252 1226 4302 inter
1248 4267 1274 4303 se

154 4361 267 4399 000000.
