3266 4994
370 397 430 462 126
901 393 959 456 1111

366 564 484 642 mulla,
501 561 644 628 dolorem
667 563 766 628 oculis
789 582 872 644 quae
894 564 1028 648 gignunt
1048 565 1265 631 insinuando.

366 676 470 742 lurida
491 684 663 761 praeterea
686 676 765 740 fiunt
787 697 868 759 quae
892 698 1027 760 cumque
1050 685 1177 745 tuentur

367 792 512 875 arquati,
530 792 605 873 qnia
627 792 742 858 luroris
766 792 807 858 dc
831 813 963 878 corpore
986 814 1096 859 eorum

367 907 491 973 semina
514 906 614 972 multa
636 907 735 972 fluunt
758 908 935 974 simulacris
958 910 1054 974 obvia
1077 929 1201 994 rerum,

293 1043 343 1090 310
367 1023 528 1103 multaque
551 1029 623 1088 sunt
645 1024 745 1088 oculis
768 1024 802 1089 in
824 1044 932 1090 eornm
957 1023 1092 1106 deniqne
1114 1025 1235 1110 mixta,

368 1158 448 1219 quac
471 1142 606 1219 contage
630 1159 689 1202 sua
711 1138 889 1222 palloribus
913 1139 1021 1204 omnia
1043 1140 1197 1223 pingunt.

367 1272 384 1315 e
407 1253 546 1317 tenebris
569 1258 674 1317 autem
699 1273 782 1334 qnae
806 1254 931 1317 suntin
954 1255 1025 1320 luce
1047 1260 1171 1319 tuemur

365 1371 536 1449 propterea
559 1367 652 1452 quia,
670 1388 740 1431 cunr
764 1367 894 1452 propior
915 1368 1060 1451 caliginis
1084 1376 1139 1434 adr

366 1489 437 1547 ator
459 1482 517 1544 init
540 1483 649 1546 oculos
672 1484 758 1567 prior
779 1488 810 1548 ct
832 1482 977 1566 possedit
999 1489 1150 1566 apertos,

292 1618 342 1663 313
365 1596 541 1678 insequitur
563 1597 704 1662 candens
726 1597 894 1663 confestim
916 1598 1042 1662 lucidus
1064 1605 1139 1678 adr,

366 1713 418 1793 qui
443 1713 534 1793 quasi
555 1719 670 1796 purgat
693 1733 749 1777 cos
771 1733 810 1776 ao
833 1712 941 1795 nigras
963 1712 1089 1776 discutit
1112 1713 1240 1777 umbras

368 1827 451 1890 aeris
473 1827 579 1892 illius:
596 1850 672 1892 narn
694 1828 799 1892 multis
821 1826 967 1910 partibus
989 1826 1041 1891 bio
1064 1832 1112 1890 est

365 1941 512 2006 mobilior
535 1943 703 2024 multisque
725 1941 874 2005 minutior
896 1947 928 2005 et
949 1960 1043 2022 mage
1066 1940 1211 2023 pollens.

367 2057 420 2137 qni
443 2057 534 2120 simul
557 2063 653 2140 atque
675 2057 746 2121 vias
769 2056 931 2120 oculorum
954 2056 1024 2118 luce
1046 2055 1184 2138 rcplcvit

292 2192 342 2238 320
368 2178 464 2252 atquc
486 2178 562 2255 pate
585 2147 679 2250 lecit,
696 2190 775 2251 quas
798 2177 872 2236 ante
896 2171 1069 2236 obsederat
1090 2174 1181 2245 ater,

366 2293 441 2350 aera
463 2288 610 2360 continno
634 2305 739 2349 rernm
762 2284 935 2349 simulacra
957 2291 1134 2366 secuntur-5

367 2419 448 2481 quae
471 2401 532 2464 sita
555 2399 681 2464 suntin
704 2400 794 2483 lucc,
811 2399 1033 2479 lacessuntque
1056 2405 1090 2462 ut
1111 2399 1297 2464 videamus.

291 2535 341 2582 343
367 2514 453 2596 quod
477 2512 711 2578 contrafacere
735 2513 766 2576 in
790 2515 929 2578 tenebris
952 2534 970 2578 c
992 2513 1063 2578 lnoc
1087 2514 1253 2594 nequimus

365 2635 536 2714 propterea
559 2627 634 2709 quia
656 2629 812 2712 posterior
834 2628 984 2709 caliginis
1006 2635 1062 2692 adr

291 2767 341 2812 350
367 2744 503 2810 crassior
525 2743 718 2824 insequitur,
737 2745 789 2824 qni
813 2747 926 2807 cuncta
949 2742 1109 2806 foramina
1133 2743 1270 2825 complet

367 2857 547 2937 obsiditque
569 2857 637 2921 vias
661 2858 843 2939 oculorum,
860 2878 899 2921 nc
923 2857 1094 2922 simulacra

365 2972 487 3057 possint
508 2972 644 3035 ullarum
666 2991 771 3036 rerum
795 2971 941 3037 coniecta
962 2993 1109 3039 movere.

366 3087 599 3168 quadratasque
621 3087 731 3168 procul
754 3087 846 3151 turris
870 3108 940 3152 curn
963 3090 1120 3152 cernimus
1143 3087 1251 3168 nrbiS,

366 3208 538 3286 propterea
559 3199 592 3262 fit
615 3199 659 3263 uti
684 3200 852 3265 videantur
874 3223 970 3286 saepe
994 3204 1169 3284 rotundae,

292 3340 341 3386 355
368 3316 505 3396 angulus
528 3319 660 3398 optusus
683 3315 757 3395 quia
779 3316 875 3400 longe
899 3319 1036 3383 cernitur
1058 3317 1182 3399 omnis,

367 3432 434 3496 sive
457 3429 550 3494 etiarn
574 3429 680 3512 potius
703 3451 767 3494 non
790 3435 926 3497 cernitur
949 3454 987 3497 ac
1009 3434 1091 3518 perit
1113 3432 1182 3496 eius

366 3547 465 3629 plaga
486 3565 547 3610 nco
570 3545 613 3609 ad
635 3553 760 3611 nostras
784 3547 870 3610 acies
892 3546 1068 3629 perlabitur
1090 3546 1190 3627 ictus,

367 3667 443 3724 adra
465 3679 523 3743 per
544 3661 677 3725 multum
699 3661 775 3742 quia
798 3661 872 3724 dum
895 3659 1067 3725 simulacra
1090 3659 1254 3743 feruntur,

366 3775 450 3858 cogit
471 3775 644 3842 hebescere
668 3797 739 3841 eum
762 3775 882 3839 crebris
905 3773 1079 3839 offensibus
1102 3781 1177 3838 adr.

292 3907 342 3955 300
365 3887 427 3953 hoo
449 3889 502 3954 nbi
525 3890 654 3972 suffugit
676 3908 803 3953 sensum
826 3886 918 3949 simul
942 3885 1079 3968 angulus
1103 3889 1227 3965 omnis,

366 4075 566 4082 ψ

370 4194 419 4240 309
439 4191 519 4240 moult
540 4187 553 4257 Η
574 4190 623 4238 313
643 4186 760 4251 proprior
778 4183 792 4254 ΙΙ
814 4188 862 4236 317
883 4188 959 4238 ullius
980 4185 993 4257 Η
1018 4193 1066 4238 321
1087 4190 1157 4238 Adra
1174 4189 1314 4239 omissum.
1336 4185 1349 4254 Η
1370 4188 1418 4235 351
1440 4185 1492 4234 Ob-

370 4279 431 4327 sidit
449 4279 509 4340 quia
538 4274 552 4345 ΙΙ
580 4279 629 4327 352
650 4283 766 4325 contecta
783 4276 895 4324 moveri.
926 4275 939 4345 Η
970 4279 1020 4326 355
1040 4283 1142 4340 optutus
1171 4274 1184 4342 Η
1213 4277 1263 4325 357
1283 4275 1378 4338 Plagas
1400 4271 1411 4340 l!
1439 4281 1493 4324 ates

371 4364 510 4414 deriobitur
