3266 4994
334 345 394 409 102
872 341 915 403 Ill

256 532 306 578 005
331 530 412 594 neo,
428 515 492 574 tam
516 515 684 575 contextae
706 530 776 573 cum
800 509 881 592 sint,
899 509 988 572 exire
1010 508 1158 572 videntur

332 625 507 689 incolumes
528 645 625 708 posse
648 630 680 688 et
701 625 810 688 salvas
833 623 999 687 exsolvere
1022 641 1094 686 sese

333 739 480 803 omnibus
504 739 647 802 enervis
670 744 768 819 atque
793 738 919 802 ossibus
942 736 1168 818 articulisque.

332 852 419 935 quod
441 852 468 916 si
489 850 572 917 forte
595 857 689 934 putas
712 852 909 916 extrinsecus
930 849 1125 914 insinuatam

331 985 522 1050 permanare
545 966 687 1030 animam
710 966 802 1031 nobis
825 985 883 1049 por
904 964 1048 1027 membra
1070 966 1195 1049 solere,

258 1103 307 1148 700
332 1087 420 1144 tanto
444 1081 562 1161 quique
586 1082 688 1162 magis
711 1101 781 1144 cum
804 1099 936 1162 corpore
959 1078 1030 1143 fusa
1052 1079 1189 1162 peribit:

333 1194 419 1277 quod
443 1201 611 1276 permanat
634 1196 717 1259 enim
741 1194 944 1268 dissolvitur,
961 1193 1069 1257 interit
1091 1213 1186 1277 ergo.

332 1309 516 1391 dispertitus
540 1310 624 1372 enim
645 1327 704 1392 per
727 1309 836 1372 carulas
859 1307 1001 1390 corporis
1025 1308 1128 1372 omnis

333 1429 366 1486 ut
389 1422 497 1505 cibuS,
513 1423 546 1485 77
569 1423 711 1486 7707777777
734 1427 830 1503 atque
854 1428 943 1486 artus
967 1443 1036 1486 cum
1061 1420 1179 1485 diditur
1201 1421 1323 1496 omnis,

333 1536 466 1619 disperit
488 1542 584 1616 atque
607 1537 703 1599 aliam
728 1544 873 1600 naturam
897 1537 1010 1600 sufficit
1032 1556 1072 1600 077
1095 1555 1150 1612 se,

258 1671 307 1716 705
333 1651 379 1714 sic
402 1649 511 1712 anima
534 1656 628 1732 atque
651 1651 776 1714 animus
801 1651 947 1731 quamvis
969 1650 1095 1732 integra
1118 1649 1284 1714 recensio

334 1783 450 1846 corpus
474 1769 569 1845 cunt,
587 1768 693 1826 tamen
714 1763 747 1825 in
770 1764 933 1828 manando
957 1764 1193 1846 dissoluuntur,

333 1876 408 1939 dum
431 1877 523 1958 quasi
546 1898 603 1960 per
626 1879 738 1942 caulas
763 1880 864 1942 omnis
889 1877 1039 1940 diduntur
1061 1879 1092 1940 in
1116 1885 1203 1942 artus

331 1990 504 2074 particulae
528 1992 642 2072 quibus
666 1993 746 2057 haec
769 1993 866 2056 animi
889 1998 1001 2055 natura
1024 1997 1168 2068 creatur,

333 2125 417 2186 quae
440 2125 525 2170 nunc
548 2107 580 2168 in
604 2113 711 2170 nostro
735 2105 917 2169 dominatur
939 2125 1071 2188 corpore
1093 2110 1170 2169 nata

258 2240 307 2284 770
333 2238 373 2283 ex
395 2219 450 2282 illa
474 2240 557 2300 quae
580 2227 645 2283 tum
666 2220 759 2304 periit
780 2221 898 2303 partita
920 2238 977 2302 per
999 2225 1107 2282 artus.

332 2353 395 2414 qua
417 2341 548 2416 propter
570 2352 674 2413 neque
698 2335 799 2398 natali
822 2335 945 2417 privata
966 2333 1093 2398 videtur

333 2467 404 2512 esse
426 2448 477 2511 die
500 2452 617 2511 natura
640 2447 765 2512 animae
788 2467 847 2512 nec
870 2447 991 2513 funeris
1014 2450 1149 2532 expers.

375 2561 505 2626 Semina
527 2567 696 2645 praeterea
717 2563 922 2647 linquontur,
939 2584 1060 2646 necne,
1077 2564 1197 2627 animai

332 2695 466 2761 corpore
488 2677 522 2740 in
544 2677 721 2742 exanimo?
741 2678 826 2760 quod
850 2679 877 2742 si
898 2679 1058 2743 lincuntur
1080 2684 1112 2741 et
1133 2679 1259 2756 insunt,

259 2812 307 2860 775
335 2791 412 2856 haut
434 2791 494 2855 erit
515 2797 548 2854 ut
570 2793 683 2856 merito
705 2793 882 2858 inmortalis
904 2796 1006 2878 possit
1029 2794 1162 2872 haberi,

330 2905 474 2989 partibus
497 2907 623 2972 amissis
647 2909 799 2989 qnoniam
821 2908 922 2972 libata
944 2910 1094 2974 recessit:

332 3020 380 3083 sin
404 3020 450 3084 ita
474 3021 606 3085 sinceris
628 3023 776 3087 membris
799 3025 908 3089 ablata
929 3023 1096 3116 profugit&

330 3141 366 3197 ut
387 3134 493 3200 nullas
514 3135 614 3218 partis
635 3135 668 3200 in
692 3157 824 3221 corpore
847 3138 975 3220 liquerit
998 3158 1036 3202 ex
1060 3156 1115 3221 se,

331 3249 417 3314 unde
440 3249 599 3314 cadavera
621 3253 764 3316 rancenti
786 3254 848 3317 iam
872 3253 993 3318 viscere
1015 3271 1139 3316 vermes

257 3385 307 3430 770
334 3364 502 3448 expirant,
520 3370 615 3446 atque
638 3368 723 3432 unde
746 3369 942 3432 animantum
966 3367 1059 3451 eopia
1079 3371 1170 3430 tanta

332 3498 410 3543 exos
432 3483 464 3543 07
486 3481 640 3564 exanguis
662 3483 799 3547 tumidos
820 3482 1009 3566 perfluctuat
1031 3481 1146 3544 artus?

331 3592 417 3673 quod
440 3593 466 3657 si
488 3594 570 3660 forte
594 3597 718 3661 animas
740 3598 937 3661 extrinsecus
959 3593 1116 3659 insinuari

330 3707 489 3773 vermibus
513 3716 544 3776 et
566 3711 676 3795 privas
699 3711 731 3775 in
756 3731 891 3795 corpora
913 3727 1011 3792 posse
1032 3707 1142 3773 venire

330 3820 454 3906 credis,
470 3844 530 3889 nec
552 3830 681 3908 reputas
703 3845 759 3888 cur
780 3824 870 3888 milia
891 3823 992 3886 multa
1012 3823 1191 3888 animarum

257 3953 305 4001 775
332 3937 524 4001 conveniant
546 3938 631 4003 unde
654 3957 719 4001 una
742 3935 927 4022 recesserit,
944 3935 1006 4003 hoo
1026 3942 1134 4004 tamen
1157 3943 1206 4003 est
1226 3942 1262 4001 ut

333 4204 381 4251 702
407 4203 561 4266 Dispertitur
580 4219 641 4266 ergo
673 4202 686 4270 ll
720 4207 769 4256 705
793 4207 907 4269 quamvis
926 4215 963 4258 est
987 4205 1000 4276 Η
1027 4209 1054 4256 77
1073 4207 1212 4258 omissum.
1243 4202 1256 4276 ΙΙ
1289 4209 1339 4257 710
1358 4215 1418 4256 tunc
1439 4203 1452 4275 17

334 4292 382 4339 718
407 4289 440 4339 Et
464 4285 477 4355 Η
505 4291 553 4337 719
573 4290 654 4342 vicere
680 4288 693 4359 Η
721 4295 768 4342 723
788 4294 860 4363 priva
878 4295 898 4346 si
