<?xml version="1.0" encoding="UTF-8"?>
<!DOCTYPE html PUBLIC "-//W3C//DTD XHTML 1.0 Transitional//EN"
    "http://www.w3.org/TR/xhtml1/DTD/xhtml1-transitional.dtd">
<html xmlns="http://www.w3.org/1999/xhtml" xml:lang="en" lang="en">
 <head>
  <title>
</title>
<meta http-equiv="Content-Type" content="text/html;charset=utf-8" />
  <meta name='ocr-system' content='tesseract 3.04.00' />
  <meta name='ocr-capabilities' content='ocr_page ocr_carea ocr_par ocr_line ocrx_word'/>
</head>
<body>
  <div class='ocr_page' id='page_1' title='image "./tlucreticarider19carugoog_0240.png"; bbox 0 0 3240 5010; ppageno 0'>
   <div class='ocr_carea' id='block_1_1' title="bbox 682 382 725 446">
    <p class='ocr_par' dir='ltr' id='par_1_1' title="bbox 682 382 725 446">
     <span class='ocr_line' id='line_1_1' title="bbox 682 382 725 446; baseline 0 0"><span class='ocrx_word' id='word_1_1' title='bbox 682 382 725 446; x_wconf 89' lang='lat' dir='ltr'>Vl</span> 
     </span>
    </p>
   </div>
   <div class='ocr_carea' id='block_1_2' title="bbox 14 551 1151 3965">
    <p class='ocr_par' dir='ltr' id='par_1_2' title="bbox 64 551 1151 982">
     <span class='ocr_line' id='line_1_2' title="bbox 64 551 1101 638; baseline -0.01 -14"><span class='ocrx_word' id='word_1_2' title='bbox 64 580 114 624; x_wconf 85' lang='grc'>999</span> <span class='ocrx_word' id='word_1_3' title='bbox 184 558 276 621; x_wconf 88' lang='lat' dir='ltr'>Nune</span> <span class='ocrx_word' id='word_1_4' title='bbox 299 557 402 620; x_wconf 90' lang='lat' dir='ltr'>omnis</span> <span class='ocrx_word' id='word_1_5' title='bbox 424 561 568 638; x_wconf 78' lang='lat' dir='ltr'>repetam</span> <span class='ocrx_word' id='word_1_6' title='bbox 592 573 688 635; x_wconf 91' lang='lat' dir='ltr'>quam</span> <span class='ocrx_word' id='word_1_7' title='bbox 711 572 782 617; x_wconf 89' lang='lat' dir='ltr'>raro</span> <span class='ocrx_word' id='word_1_8' title='bbox 808 571 942 635; x_wconf 88' lang='grc'><strong>9999999</strong></span> <span class='ocrx_word' id='word_1_9' title='bbox 964 551 1027 614; x_wconf 91' lang='lat' dir='ltr'>sint</span> <span class='ocrx_word' id='word_1_10' title='bbox 1050 570 1101 615; x_wconf 92' lang='lat' dir='ltr'>res</span> 
     </span>
     <span class='ocr_line' id='line_1_3' title="bbox 142 665 1149 753; baseline -0.006 -18"><span class='ocrx_word' id='word_1_11' title='bbox 142 690 410 753; x_wconf 78' lang='lat' dir='ltr'>commemorare3</span> <span class='ocrx_word' id='word_1_12' title='bbox 428 669 512 751; x_wconf 90' lang='lat' dir='ltr'>quod</span> <span class='ocrx_word' id='word_1_13' title='bbox 535 668 569 732; x_wconf 92' lang='lat' dir='ltr'>in</span> <span class='ocrx_word' id='word_1_14' title='bbox 591 668 693 752; x_wconf 91' lang='lat' dir='ltr'>primo</span> <span class='ocrx_word' id='word_1_15' title='bbox 718 687 845 749; x_wconf 91' lang='lat' dir='ltr'>quoque</span> <span class='ocrx_word' id='word_1_16' title='bbox 869 665 1008 730; x_wconf 76' lang='lat' dir='ltr'><strong>carmine</strong></span> <span class='ocrx_word' id='word_1_17' title='bbox 1030 665 1149 729; x_wconf 90' lang='lat' dir='ltr'>olaret:</span> 
     </span>
     <span class='ocr_line' id='line_1_4' title="bbox 143 779 1151 870; baseline -0.006 -20"><span class='ocrx_word' id='word_1_18' title='bbox 143 786 261 870; x_wconf 85' lang='lat' dir='ltr'>quippe</span> <span class='ocrx_word' id='word_1_19' title='bbox 284 786 421 870; x_wconf 78' lang='lat' dir='ltr'>etenim,</span> <span class='ocrx_word' id='word_1_20' title='bbox 439 803 630 868; x_wconf 92' lang='lat' dir='ltr'>quamquam</span> <span class='ocrx_word' id='word_1_21' title='bbox 657 783 771 847; x_wconf 91' lang='lat' dir='ltr'>multas</span> <span class='ocrx_word' id='word_1_22' title='bbox 794 782 855 846; x_wconf 89' lang='lat' dir='ltr'>hoe</span> <span class='ocrx_word' id='word_1_23' title='bbox 877 781 1014 864; x_wconf 86' lang='lat' dir='ltr'>pertinet</span> <span class='ocrx_word' id='word_1_24' title='bbox 1036 779 1077 843; x_wconf 89' lang='lat' dir='ltr'>ad</span> <span class='ocrx_word' id='word_1_25' title='bbox 1100 799 1151 846; x_wconf 91' lang='lat' dir='ltr'>res</span> 
     </span>
     <span class='ocr_line' id='line_1_5' title="bbox 139 895 1083 982; baseline -0.008 -16"><span class='ocrx_word' id='word_1_26' title='bbox 139 919 292 975; x_wconf 80' lang='lat' dir='ltr'>noscere,</span> <span class='ocrx_word' id='word_1_27' title='bbox 308 919 378 962; x_wconf 86' lang='lat' dir='ltr'>uum</span> <span class='ocrx_word' id='word_1_28' title='bbox 403 899 512 982; x_wconf 91' lang='lat' dir='ltr'>primis</span> <span class='ocrx_word' id='word_1_29' title='bbox 535 899 617 963; x_wconf 90' lang='lat' dir='ltr'>haue</span> <span class='ocrx_word' id='word_1_30' title='bbox 639 897 681 963; x_wconf 90' lang='lat' dir='ltr'>ad</span> <span class='ocrx_word' id='word_1_31' title='bbox 704 917 770 960; x_wconf 90' lang='lat' dir='ltr'>rem</span> <span class='ocrx_word' id='word_1_32' title='bbox 792 895 937 981; x_wconf 88' lang='lat' dir='ltr'>protinus</span> <span class='ocrx_word' id='word_1_33' title='bbox 958 895 1083 977; x_wconf 81' lang='lat' dir='ltr'>ipsam,</span> 
     </span>
    </p>

    <p class='ocr_par' dir='ltr' id='par_1_3' title="bbox 64 997 1015 1554">
     <span class='ocr_line' id='line_1_6' title="bbox 64 997 994 1098; baseline -0.012 -15"><span class='ocrx_word' id='word_1_34' title='bbox 64 1039 115 1084; x_wconf 84' lang='grc'>949</span> <span class='ocrx_word' id='word_1_35' title='bbox 141 997 206 1098; x_wconf 84' lang='lat' dir='ltr'>qua</span> <span class='ocrx_word' id='word_1_36' title='bbox 228 1015 270 1079; x_wconf 88' lang='lat' dir='ltr'>de</span> <span class='ocrx_word' id='word_1_37' title='bbox 292 1015 450 1079; x_wconf 78' lang='lat' dir='ltr'>disserere</span> <span class='ocrx_word' id='word_1_38' title='bbox 473 1013 664 1096; x_wconf 86' lang='lat' dir='ltr'>adgredior,</span> <span class='ocrx_word' id='word_1_39' title='bbox 681 1012 808 1075; x_wconf 87' lang='lat' dir='ltr'>firmare</span> <span class='ocrx_word' id='word_1_40' title='bbox 831 1016 994 1075; x_wconf 73' lang='lat' dir='ltr'>necessest</span> 
     </span>
     <span class='ocr_line' id='line_1_7' title="bbox 141 1124 1015 1213; baseline -0.009 -19"><span class='ocrx_word' id='word_1_41' title='bbox 141 1131 184 1194; x_wconf 88' lang='lat' dir='ltr'>nil</span> <span class='ocrx_word' id='word_1_42' title='bbox 208 1149 280 1194; x_wconf 84' lang='lat' dir='ltr'>esse</span> <span class='ocrx_word' id='word_1_43' title='bbox 302 1130 335 1192; x_wconf 87' lang='lat' dir='ltr'>in</span> <span class='ocrx_word' id='word_1_44' title='bbox 357 1133 505 1213; x_wconf 91' lang='lat' dir='ltr'>promptu</span> <span class='ocrx_word' id='word_1_45' title='bbox 527 1128 589 1192; x_wconf 90' lang='lat' dir='ltr'>nisi</span> <span class='ocrx_word' id='word_1_46' title='bbox 613 1130 744 1192; x_wconf 85' lang='lat' dir='ltr'>mixtum</span> <span class='ocrx_word' id='word_1_47' title='bbox 769 1146 883 1208; x_wconf 90' lang='lat' dir='ltr'>eorpus</span> <span class='ocrx_word' id='word_1_48' title='bbox 906 1124 1015 1188; x_wconf 89' lang='lat' dir='ltr'>inani.</span> 
     </span>
     <span class='ocr_line' id='line_1_8' title="bbox 141 1242 915 1330; baseline -0.006 -23"><span class='ocrx_word' id='word_1_49' title='bbox 141 1243 297 1330; x_wconf 91' lang='lat' dir='ltr'>prineipio</span> <span class='ocrx_word' id='word_1_50' title='bbox 320 1243 355 1306; x_wconf 88' lang='lat' dir='ltr'>fit</span> <span class='ocrx_word' id='word_1_51' title='bbox 376 1249 410 1307; x_wconf 92' lang='lat' dir='ltr'>ut</span> <span class='ocrx_word' id='word_1_52' title='bbox 432 1243 465 1306; x_wconf 94' lang='lat' dir='ltr'>in</span> <span class='ocrx_word' id='word_1_53' title='bbox 489 1242 651 1327; x_wconf 76' lang='lat' dir='ltr'>spelunois</span> <span class='ocrx_word' id='word_1_54' title='bbox 674 1263 753 1307; x_wconf 87' lang='lat' dir='ltr'>saxa</span> <span class='ocrx_word' id='word_1_55' title='bbox 778 1260 915 1325; x_wconf 80' lang='lat' dir='ltr'>superne</span> 
     </span>
     <span class='ocr_line' id='line_1_9' title="bbox 141 1355 944 1454; baseline -0.007 -30"><span class='ocrx_word' id='word_1_56' title='bbox 141 1359 257 1424; x_wconf 90' lang='lat' dir='ltr'>sudent</span> <span class='ocrx_word' id='word_1_57' title='bbox 278 1376 389 1454; x_wconf 69' lang='lat' dir='ltr'>umope</span> <span class='ocrx_word' id='word_1_58' title='bbox 411 1363 442 1420; x_wconf 91' lang='lat' dir='ltr'>et</span> <span class='ocrx_word' id='word_1_59' title='bbox 464 1357 562 1438; x_wconf 85' lang='lat' dir='ltr'>guttis</span> <span class='ocrx_word' id='word_1_60' title='bbox 584 1356 780 1420; x_wconf 88' lang='lat' dir='ltr'>manantibu’</span> <span class='ocrx_word' id='word_1_61' title='bbox 805 1355 944 1421; x_wconf 83' lang='lat' dir='ltr'>stillent.</span> 
     </span>
     <span class='ocr_line' id='line_1_10' title="bbox 141 1471 890 1554; baseline -0.008 -16"><span class='ocrx_word' id='word_1_62' title='bbox 141 1479 251 1538; x_wconf 89' lang='lat' dir='ltr'>manat</span> <span class='ocrx_word' id='word_1_63' title='bbox 273 1473 347 1536; x_wconf 89' lang='lat' dir='ltr'>item</span> <span class='ocrx_word' id='word_1_64' title='bbox 371 1471 463 1536; x_wconf 89' lang='lat' dir='ltr'>nobis</span> <span class='ocrx_word' id='word_1_65' title='bbox 486 1491 504 1534; x_wconf 92' lang='lat' dir='ltr'>e</span> <span class='ocrx_word' id='word_1_66' title='bbox 527 1476 593 1536; x_wconf 90' lang='lat' dir='ltr'>toto</span> <span class='ocrx_word' id='word_1_67' title='bbox 617 1491 749 1554; x_wconf 85' lang='grc'><strong>9999999</strong></span> <span class='ocrx_word' id='word_1_68' title='bbox 772 1471 890 1553; x_wconf 84' lang='lat' dir='ltr'>sudor,</span> 
     </span>
    </p>

    <p class='ocr_par' dir='ltr' id='par_1_4' title="bbox 14 1561 1126 1902">
     <span class='ocr_line' id='line_1_11' title="bbox 14 1561 1126 1670; baseline -0.012 -14"><span class='ocrx_word' id='word_1_69' title='bbox 14 1561 15 1622; x_wconf 70' lang='lat' dir='ltr'>l</span> <span class='ocrx_word' id='word_1_70' title='bbox 65 1611 118 1657; x_wconf 79' lang='grc'>949</span> <span class='ocrx_word' id='word_1_71' title='bbox 145 1588 257 1654; x_wconf 78' lang='grc'><strong>9999999</strong></span> <span class='ocrx_word' id='word_1_72' title='bbox 279 1587 382 1651; x_wconf 85' lang='lat' dir='ltr'>barba</span> <span class='ocrx_word' id='word_1_73' title='bbox 404 1585 526 1670; x_wconf 85' lang='lat' dir='ltr'>pilique</span> <span class='ocrx_word' id='word_1_74' title='bbox 549 1606 606 1668; x_wconf 87' lang='lat' dir='ltr'>per</span> <span class='ocrx_word' id='word_1_75' title='bbox 630 1585 736 1650; x_wconf 86' lang='lat' dir='ltr'>omnia</span> <span class='ocrx_word' id='word_1_76' title='bbox 760 1585 921 1660; x_wconf 84' lang='lat' dir='ltr'>membra,</span> <span class='ocrx_word' id='word_1_77' title='bbox 937 1603 994 1667; x_wconf 90' lang='lat' dir='ltr'>per</span> <span class='ocrx_word' id='word_1_78' title='bbox 1017 1588 1126 1646; x_wconf 86' lang='lat' dir='ltr'>artus.</span> 
     </span>
     <span class='ocr_line' id='line_1_12' title="bbox 144 1699 967 1784; baseline -0.006 -18"><span class='ocrx_word' id='word_1_79' title='bbox 144 1703 261 1766; x_wconf 84' lang='lat' dir='ltr'>diditur</span> <span class='ocrx_word' id='word_1_80' title='bbox 281 1702 315 1764; x_wconf 91' lang='lat' dir='ltr'>in</span> <span class='ocrx_word' id='word_1_81' title='bbox 338 1720 436 1766; x_wconf 90' lang='lat' dir='ltr'>venas</span> <span class='ocrx_word' id='word_1_82' title='bbox 460 1699 550 1764; x_wconf 89' lang='lat' dir='ltr'>oibus</span> <span class='ocrx_word' id='word_1_83' title='bbox 573 1701 697 1784; x_wconf 87' lang='lat' dir='ltr'>omnis,</span> <span class='ocrx_word' id='word_1_84' title='bbox 714 1707 830 1783; x_wconf 86' lang='lat' dir='ltr'>auget,</span> <span class='ocrx_word' id='word_1_85' title='bbox 847 1699 967 1779; x_wconf 85' lang='lat' dir='ltr'>alitque</span> 
     </span>
     <span class='ocr_line' id='line_1_13' title="bbox 143 1813 1040 1902; baseline -0.007 -20"><span class='ocrx_word' id='word_1_86' title='bbox 143 1815 285 1902; x_wconf 86' lang='lat' dir='ltr'>eorporis</span> <span class='ocrx_word' id='word_1_87' title='bbox 308 1823 469 1880; x_wconf 82' lang='lat' dir='ltr'>extremas</span> <span class='ocrx_word' id='word_1_88' title='bbox 493 1836 619 1897; x_wconf 87' lang='lat' dir='ltr'>quoque</span> <span class='ocrx_word' id='word_1_89' title='bbox 642 1815 743 1898; x_wconf 88' lang='lat' dir='ltr'>partis</span> <span class='ocrx_word' id='word_1_90' title='bbox 765 1813 1040 1898; x_wconf 83' lang='lat' dir='ltr'>unguiculosque,</span> 
     </span>
    </p>

    <p class='ocr_par' dir='ltr' id='par_1_5' title="bbox 65 1928 1089 2012">
     <span class='ocr_line' id='line_1_14' title="bbox 65 1928 1089 2012; baseline -0.007 -12"><span class='ocrx_word' id='word_1_91' title='bbox 65 1955 116 2000; x_wconf 89' lang='grc'>999</span> <span class='ocrx_word' id='word_1_92' title='bbox 144 1932 289 1997; x_wconf 87' lang='lat' dir='ltr'>morbida</span> <span class='ocrx_word' id='word_1_93' title='bbox 311 1931 423 2012; x_wconf 88' lang='lat' dir='ltr'>visque</span> <span class='ocrx_word' id='word_1_94' title='bbox 446 1931 560 2009; x_wconf 87' lang='lat' dir='ltr'>simul,</span> <span class='ocrx_word' id='word_1_95' title='bbox 578 1951 647 1994; x_wconf 89' lang='lat' dir='ltr'>oum</span> <span class='ocrx_word' id='word_1_96' title='bbox 671 1930 870 1994; x_wconf 76' lang='lat' dir='ltr'>extrinsecus</span> <span class='ocrx_word' id='word_1_97' title='bbox 891 1928 1089 1994; x_wconf 87' lang='lat' dir='ltr'>insinuatur.</span> 
     </span>
    </p>

    <p class='ocr_par' dir='ltr' id='par_1_6' title="bbox 66 2043 1090 2246">
     <span class='ocr_line' id='line_1_15' title="bbox 66 2043 1090 2129; baseline -0.009 -13"><span class='ocrx_word' id='word_1_98' title='bbox 66 2069 116 2116; x_wconf 79' lang='grc'>949</span> <span class='ocrx_word' id='word_1_99' title='bbox 142 2046 244 2127; x_wconf 84' lang='lat' dir='ltr'>frigus</span> <span class='ocrx_word' id='word_1_100' title='bbox 265 2048 338 2112; x_wconf 91' lang='lat' dir='ltr'>item</span> <span class='ocrx_word' id='word_1_101' title='bbox 363 2047 496 2111; x_wconf 90' lang='lat' dir='ltr'>transire</span> <span class='ocrx_word' id='word_1_102' title='bbox 519 2065 576 2129; x_wconf 91' lang='lat' dir='ltr'>per</span> <span class='ocrx_word' id='word_1_103' title='bbox 598 2065 674 2124; x_wconf 85' lang='lat' dir='ltr'>aes,</span> <span class='ocrx_word' id='word_1_104' title='bbox 691 2043 894 2125; x_wconf 78' lang='lat' dir='ltr'>calidumque</span> <span class='ocrx_word' id='word_1_105' title='bbox 916 2064 1090 2127; x_wconf 87' lang='lat' dir='ltr'>vaporem,</span> 
     </span>
     <span class='ocr_line' id='line_1_16' title="bbox 142 2161 958 2246; baseline -0.005 -20"><span class='ocrx_word' id='word_1_106' title='bbox 142 2162 318 2246; x_wconf 86' lang='lat' dir='ltr'>sentimus,</span> <span class='ocrx_word' id='word_1_107' title='bbox 335 2161 490 2226; x_wconf 90' lang='lat' dir='ltr'>sentimus</span> <span class='ocrx_word' id='word_1_108' title='bbox 512 2161 585 2224; x_wconf 92' lang='lat' dir='ltr'>item</span> <span class='ocrx_word' id='word_1_109' title='bbox 609 2161 744 2224; x_wconf 87' lang='lat' dir='ltr'>transire</span> <span class='ocrx_word' id='word_1_110' title='bbox 767 2178 825 2243; x_wconf 91' lang='lat' dir='ltr'>per</span> <span class='ocrx_word' id='word_1_111' title='bbox 847 2179 958 2222; x_wconf 90' lang='lat' dir='ltr'>aurum</span> 
     </span>
    </p>

    <p class='ocr_par' dir='ltr' id='par_1_7' title="bbox 66 2272 1064 2816">
     <span class='ocr_line' id='line_1_17' title="bbox 66 2272 1064 2358; baseline -0.009 -13"><span class='ocrx_word' id='word_1_112' title='bbox 66 2299 116 2344; x_wconf 91' lang='grc'>999</span> <span class='ocrx_word' id='word_1_113' title='bbox 143 2284 237 2357; x_wconf 86' lang='lat' dir='ltr'>atque</span> <span class='ocrx_word' id='word_1_114' title='bbox 261 2296 317 2358; x_wconf 92' lang='lat' dir='ltr'>per</span> <span class='ocrx_word' id='word_1_115' title='bbox 340 2280 528 2356; x_wconf 83' lang='lat' dir='ltr'>argeutum,</span> <span class='ocrx_word' id='word_1_116' title='bbox 546 2295 616 2338; x_wconf 90' lang='lat' dir='ltr'>eum</span> <span class='ocrx_word' id='word_1_117' title='bbox 640 2272 757 2356; x_wconf 88' lang='lat' dir='ltr'>poeula</span> <span class='ocrx_word' id='word_1_118' title='bbox 779 2273 875 2356; x_wconf 92' lang='lat' dir='ltr'>plena</span> <span class='ocrx_word' id='word_1_119' title='bbox 897 2279 1064 2338; x_wconf 86' lang='lat' dir='ltr'>tenemus.</span> 
     </span>
     <span class='ocr_line' id='line_1_18' title="bbox 143 2388 953 2475; baseline -0.002 -21"><span class='ocrx_word' id='word_1_120' title='bbox 143 2390 280 2473; x_wconf 89' lang='lat' dir='ltr'>denique</span> <span class='ocrx_word' id='word_1_121' title='bbox 302 2411 360 2475; x_wconf 88' lang='lat' dir='ltr'>per</span> <span class='ocrx_word' id='word_1_122' title='bbox 384 2390 526 2472; x_wconf 89' lang='lat' dir='ltr'>dissepta</span> <span class='ocrx_word' id='word_1_123' title='bbox 548 2388 716 2452; x_wconf 92' lang='lat' dir='ltr'>domorum</span> <span class='ocrx_word' id='word_1_124' title='bbox 739 2407 836 2450; x_wconf 85' lang='lat' dir='ltr'>saxea</span> <span class='ocrx_word' id='word_1_125' title='bbox 858 2407 953 2452; x_wconf 84' lang='lat' dir='ltr'>voees</span> 
     </span>
     <span class='ocr_line' id='line_1_19' title="bbox 144 2502 1018 2590; baseline -0.002 -22"><span class='ocrx_word' id='word_1_126' title='bbox 144 2506 356 2590; x_wconf 81' lang='lat' dir='ltr'>pervolitant,</span> <span class='ocrx_word' id='word_1_127' title='bbox 375 2511 540 2588; x_wconf 84' lang='lat' dir='ltr'>permanat</span> <span class='ocrx_word' id='word_1_128' title='bbox 563 2503 643 2569; x_wconf 90' lang='lat' dir='ltr'>odor</span> <span class='ocrx_word' id='word_1_129' title='bbox 666 2502 831 2582; x_wconf 78' lang='lat' dir='ltr'>frigusque</span> <span class='ocrx_word' id='word_1_130' title='bbox 853 2522 1018 2586; x_wconf 82' lang='lat' dir='ltr'>vaposque</span> 
     </span>
     <span class='ocr_line' id='line_1_20' title="bbox 143 2615 970 2701; baseline -0.006 -18"><span class='ocrx_word' id='word_1_131' title='bbox 143 2621 248 2700; x_wconf 82' lang='lat' dir='ltr'>ignis,</span> <span class='ocrx_word' id='word_1_132' title='bbox 266 2619 418 2700; x_wconf 83' lang='lat' dir='ltr'>qui&#39;serri</span> <span class='ocrx_word' id='word_1_133' title='bbox 440 2638 568 2701; x_wconf 90' lang='lat' dir='ltr'>quoque</span> <span class='ocrx_word' id='word_1_134' title='bbox 590 2619 652 2682; x_wconf 83' lang='lat' dir='ltr'>vim</span> <span class='ocrx_word' id='word_1_135' title='bbox 677 2623 844 2700; x_wconf 87' lang='lat' dir='ltr'>penetrare</span> <span class='ocrx_word' id='word_1_136' title='bbox 868 2615 970 2680; x_wconf 78' lang='lat' dir='ltr'>sue&#39;vit</span> 
     </span>
     <span class='ocr_line' id='line_1_21' title="bbox 144 2732 907 2816; baseline -0.007 -18"><span class='ocrx_word' id='word_1_137' title='bbox 144 2735 283 2816; x_wconf 89' lang='lat' dir='ltr'>denique</span> <span class='ocrx_word' id='word_1_138' title='bbox 307 2754 371 2816; x_wconf 92' lang='lat' dir='ltr'>qua</span> <span class='ocrx_word' id='word_1_139' title='bbox 392 2735 508 2799; x_wconf 88' lang='lat' dir='ltr'>eiroum</span> <span class='ocrx_word' id='word_1_140' title='bbox 534 2732 620 2798; x_wconf 80' lang='lat' dir='ltr'>Galli</span> <span class='ocrx_word' id='word_1_141' title='bbox 642 2733 742 2797; x_wconf 88' lang='lat' dir='ltr'>lorioa</span> <span class='ocrx_word' id='word_1_142' title='bbox 764 2736 907 2797; x_wconf 85' lang='lat' dir='ltr'>eo’e&#39;reet.</span> 
     </span>
    </p>

    <p class='ocr_par' dir='ltr' id='par_1_8' title="bbox 68 2849 881 2932">
     <span class='ocr_line' id='line_1_22' title="bbox 68 2849 881 2932; baseline -0.005 -16"><span class='ocrx_word' id='word_1_143' title='bbox 68 2869 118 2916; x_wconf 89' lang='grc'>999</span> <span class='ocrx_word' id='word_1_144' title='bbox 146 2854 179 2914; x_wconf 90' lang='grc'>99</span> <span class='ocrx_word' id='word_1_145' title='bbox 200 2855 389 2932; x_wconf 89' lang='lat' dir='ltr'>tempestate</span> <span class='ocrx_word' id='word_1_146' title='bbox 411 2850 443 2912; x_wconf 91' lang='lat' dir='ltr'>in</span> <span class='ocrx_word' id='word_1_147' title='bbox 465 2856 552 2914; x_wconf 90' lang='lat' dir='ltr'>terra</span> <span class='ocrx_word' id='word_1_148' title='bbox 575 2849 728 2932; x_wconf 81' lang='lat' dir='ltr'>caeloque</span> <span class='ocrx_word' id='word_1_149' title='bbox 751 2854 881 2923; x_wconf 82' lang='lat' dir='ltr'>coorta,</span> 
     </span>
    </p>

    <p class='ocr_par' dir='ltr' id='par_1_9' title="bbox 86 2963 1009 3163">
     <span class='ocr_line' id='line_1_23' title="bbox 86 2963 977 3070; baseline -0.002 -43"><span class='ocrx_word' id='word_1_150' title='bbox 86 3031 93 3046; x_wconf 23' lang='lat' dir='ltr'>x</span> <span class='ocrx_word' id='word_1_151' title='bbox 146 2963 179 3027; x_wconf 89' lang='lat' dir='ltr'>in</span> <span class='ocrx_word' id='word_1_152' title='bbox 203 2963 325 3028; x_wconf 88' lang='lat' dir='ltr'>eaelum</span> <span class='ocrx_word' id='word_1_153' title='bbox 348 2969 513 3070; x_wconf 56' lang='lat' dir='ltr'>terrasque</span> <span class='ocrx_word' id='word_1_154' title='bbox 535 2969 678 3028; x_wconf 88' lang='lat' dir='ltr'>remotae</span> <span class='ocrx_word' id='word_1_155' title='bbox 700 2964 771 3028; x_wconf 87' lang='lat' dir='ltr'>iura</span> <span class='ocrx_word' id='word_1_156' title='bbox 794 2963 977 3043; x_wconf 86' lang='lat' dir='ltr'>faeessunt;</span> 
     </span>
     <span class='ocr_line' id='line_1_24' title="bbox 145 3077 1009 3163; baseline -0.002 -20"><span class='ocrx_word' id='word_1_157' title='bbox 145 3077 405 3161; x_wconf 87' lang='lat' dir='ltr'>quandoquidem</span> <span class='ocrx_word' id='word_1_158' title='bbox 429 3078 473 3141; x_wconf 94' lang='lat' dir='ltr'>nil</span> <span class='ocrx_word' id='word_1_159' title='bbox 497 3083 544 3142; x_wconf 91' lang='lat' dir='ltr'>est</span> <span class='ocrx_word' id='word_1_160' title='bbox 566 3079 627 3144; x_wconf 93' lang='lat' dir='ltr'>nisi</span> <span class='ocrx_word' id='word_1_161' title='bbox 651 3099 725 3143; x_wconf 91' lang='lat' dir='ltr'>raro</span> <span class='ocrx_word' id='word_1_162' title='bbox 749 3078 883 3163; x_wconf 85' lang='lat' dir='ltr'>eorpori’</span> <span class='ocrx_word' id='word_1_163' title='bbox 904 3097 1009 3144; x_wconf 86' lang='lat' dir='ltr'>nexu.</span> 
     </span>
    </p>

    <p class='ocr_par' dir='ltr' id='par_1_10' title="bbox 182 3193 985 3276">
     <span class='ocr_line' id='line_1_25' title="bbox 182 3193 985 3276; baseline -0.005 -18"><span class='ocrx_word' id='word_1_164' title='bbox 182 3195 253 3258; x_wconf 89' lang='lat' dir='ltr'>Huo</span> <span class='ocrx_word' id='word_1_165' title='bbox 277 3193 402 3259; x_wconf 81' lang='lat' dir='ltr'>aceedit</span> <span class='ocrx_word' id='word_1_166' title='bbox 424 3193 468 3258; x_wconf 92' lang='lat' dir='ltr'>uti</span> <span class='ocrx_word' id='word_1_167' title='bbox 491 3213 554 3258; x_wconf 93' lang='lat' dir='ltr'>non</span> <span class='ocrx_word' id='word_1_168' title='bbox 578 3195 706 3271; x_wconf 88' lang='lat' dir='ltr'>omnia,</span> <span class='ocrx_word' id='word_1_169' title='bbox 723 3214 805 3276; x_wconf 88' lang='lat' dir='ltr'>quae</span> <span class='ocrx_word' id='word_1_170' title='bbox 828 3193 985 3258; x_wconf 80' lang='lat' dir='ltr'>iaciuntur</span> 
     </span>
    </p>

    <p class='ocr_par' dir='ltr' id='par_1_11' title="bbox 69 3299 1061 3846">
     <span class='ocr_line' id='line_1_26' title="bbox 69 3299 1061 3392; baseline -0.004 -17"><span class='ocrx_word' id='word_1_171' title='bbox 69 3329 119 3376; x_wconf 88' lang='grc'>999</span> <span class='ocrx_word' id='word_1_172' title='bbox 146 3329 280 3392; x_wconf 80' lang='lat' dir='ltr'>corpora</span> <span class='ocrx_word' id='word_1_173' title='bbox 302 3299 437 3391; x_wconf 87' lang='lat' dir='ltr'>eumque</span> <span class='ocrx_word' id='word_1_174' title='bbox 460 3308 502 3373; x_wconf 89' lang='lat' dir='ltr'>ab</span> <span class='ocrx_word' id='word_1_175' title='bbox 525 3309 640 3386; x_wconf 86' lang='lat' dir='ltr'>rebus,</span> <span class='ocrx_word' id='word_1_176' title='bbox 659 3307 771 3372; x_wconf 89' lang='lat' dir='ltr'>eodem</span> <span class='ocrx_word' id='word_1_177' title='bbox 795 3308 943 3392; x_wconf 88' lang='lat' dir='ltr'>praedita</span> <span class='ocrx_word' id='word_1_178' title='bbox 966 3327 1061 3371; x_wconf 90' lang='lat' dir='ltr'>sensu</span> 
     </span>
     <span class='ocr_line' id='line_1_27' title="bbox 145 3423 986 3507; baseline -0.006 -18"><span class='ocrx_word' id='word_1_179' title='bbox 145 3430 240 3506; x_wconf 90' lang='lat' dir='ltr'>atque</span> <span class='ocrx_word' id='word_1_180' title='bbox 263 3423 376 3488; x_wconf 92' lang='lat' dir='ltr'>eodem</span> <span class='ocrx_word' id='word_1_181' title='bbox 398 3430 492 3507; x_wconf 86' lang='lat' dir='ltr'>paeto</span> <span class='ocrx_word' id='word_1_182' title='bbox 516 3424 611 3488; x_wconf 89' lang='lat' dir='ltr'>rebus</span> <span class='ocrx_word' id='word_1_183' title='bbox 634 3423 697 3488; x_wconf 90' lang='lat' dir='ltr'>sint</span> <span class='ocrx_word' id='word_1_184' title='bbox 718 3423 865 3486; x_wconf 92' lang='lat' dir='ltr'>omnibus</span> <span class='ocrx_word' id='word_1_185' title='bbox 887 3427 986 3505; x_wconf 85' lang='lat' dir='ltr'>apta.</span> 
     </span>
     <span class='ocr_line' id='line_1_28' title="bbox 144 3535 961 3623; baseline -0.001 -21"><span class='ocrx_word' id='word_1_186' title='bbox 144 3537 299 3623; x_wconf 83' lang='lat' dir='ltr'>principio</span> <span class='ocrx_word' id='word_1_187' title='bbox 323 3544 439 3602; x_wconf 88' lang='lat' dir='ltr'>terram</span> <span class='ocrx_word' id='word_1_188' title='bbox 462 3537 512 3602; x_wconf 93' lang='lat' dir='ltr'>sol</span> <span class='ocrx_word' id='word_1_189' title='bbox 536 3537 711 3620; x_wconf 84' lang='lat' dir='ltr'>exquoquit</span> <span class='ocrx_word' id='word_1_190' title='bbox 731 3543 764 3601; x_wconf 91' lang='lat' dir='ltr'>et</span> <span class='ocrx_word' id='word_1_191' title='bbox 786 3535 862 3601; x_wconf 87' lang='lat' dir='ltr'>faeit</span> <span class='ocrx_word' id='word_1_192' title='bbox 885 3556 961 3619; x_wconf 85' lang='lat' dir='ltr'>are,</span> 
     </span>
     <span class='ocr_line' id='line_1_29' title="bbox 148 3650 946 3735; baseline -0.001 -19"><span class='ocrx_word' id='word_1_193' title='bbox 148 3657 180 3716; x_wconf 88' lang='lat' dir='ltr'>at</span> <span class='ocrx_word' id='word_1_194' title='bbox 201 3652 337 3735; x_wconf 82' lang='lat' dir='ltr'>glaciem</span> <span class='ocrx_word' id='word_1_195' title='bbox 361 3650 507 3716; x_wconf 87' lang='lat' dir='ltr'>dissolvit</span> <span class='ocrx_word' id='word_1_196' title='bbox 529 3658 561 3717; x_wconf 90' lang='lat' dir='ltr'>et</span> <span class='ocrx_word' id='word_1_197' title='bbox 584 3652 657 3718; x_wconf 89' lang='lat' dir='ltr'>altis</span> <span class='ocrx_word' id='word_1_198' title='bbox 680 3652 841 3718; x_wconf 91' lang='lat' dir='ltr'>montibus</span> <span class='ocrx_word' id='word_1_199' title='bbox 863 3651 946 3715; x_wconf 86' lang='lat' dir='ltr'>altas</span> 
     </span>
     <span class='ocr_line' id='line_1_30' title="bbox 146 3765 925 3846; baseline -0.001 -16"><span class='ocrx_word' id='word_1_200' title='bbox 146 3769 372 3846; x_wconf 78' lang='lat' dir='ltr'>extructasque</span> <span class='ocrx_word' id='word_1_201' title='bbox 395 3765 487 3829; x_wconf 87' lang='lat' dir='ltr'>nives</span> <span class='ocrx_word' id='word_1_202' title='bbox 509 3766 607 3832; x_wconf 86' lang='lat' dir='ltr'>radiis</span> <span class='ocrx_word' id='word_1_203' title='bbox 631 3767 796 3832; x_wconf 75' lang='lat' dir='ltr'>tabescere</span> <span class='ocrx_word' id='word_1_204' title='bbox 819 3765 925 3846; x_wconf 81' lang='lat' dir='ltr'>cogit:</span> 
     </span>
    </p>

    <p class='ocr_par' dir='ltr' id='par_1_12' title="bbox 71 3879 971 3965">
     <span class='ocr_line' id='line_1_31' title="bbox 71 3879 971 3965; baseline -0.006 -17"><span class='ocrx_word' id='word_1_205' title='bbox 71 3902 120 3949; x_wconf 87' lang='grc'>999</span> <span class='ocrx_word' id='word_1_206' title='bbox 146 3879 284 3962; x_wconf 89' lang='lat' dir='ltr'>denique</span> <span class='ocrx_word' id='word_1_207' title='bbox 307 3898 381 3943; x_wconf 84' lang='lat' dir='ltr'>uera</span> <span class='ocrx_word' id='word_1_208' title='bbox 403 3879 489 3961; x_wconf 91' lang='lat' dir='ltr'>lique</span> <span class='ocrx_word' id='word_1_209' title='bbox 511 3879 546 3943; x_wconf 92' lang='lat' dir='ltr'>fit</span> <span class='ocrx_word' id='word_1_210' title='bbox 567 3882 599 3944; x_wconf 91' lang='lat' dir='ltr'>in</span> <span class='ocrx_word' id='word_1_211' title='bbox 622 3881 691 3946; x_wconf 89' lang='lat' dir='ltr'>eius</span> <span class='ocrx_word' id='word_1_212' title='bbox 714 3886 808 3965; x_wconf 91' lang='lat' dir='ltr'>posta</span> <span class='ocrx_word' id='word_1_213' title='bbox 831 3899 971 3965; x_wconf 87' lang='lat' dir='ltr'>vapore.</span> 
     </span>
    </p>
   </div>
   <div class='ocr_carea' id='block_1_3' title="bbox 145 4063 346 4072">
    <p class='ocr_par' dir='ltr' id='par_1_13' title="bbox 145 4063 346 4072">
     <span class='ocr_line' id='line_1_32' title="bbox 145 4063 346 4072; baseline -0.01 0"><span class='ocrx_word' id='word_1_214' title='bbox 145 4063 346 4072; x_wconf 83' lang='lat'>-——-—---</span> 
     </span>
    </p>
   </div>
   <div class='ocr_carea' id='block_1_4' title="bbox 148 4143 1268 4424">
    <p class='ocr_par' dir='ltr' id='par_1_14' title="bbox 148 4143 1268 4424">
     <span class='ocr_line' id='line_1_33' title="bbox 150 4143 1268 4251; baseline -0.004 -18"><span class='ocrx_word' id='word_1_215' title='bbox 150 4186 198 4233; x_wconf 82' lang='lat'>937</span> <span class='ocrx_word' id='word_1_216' title='bbox 219 4183 302 4233; x_wconf 81' lang='lat' dir='ltr'>clare.</span> <span class='ocrx_word' id='word_1_217' title='bbox 324 4177 336 4250; x_wconf 75' lang='lat' dir='ltr'>ll</span> <span class='ocrx_word' id='word_1_218' title='bbox 362 4183 413 4232; x_wconf 83' lang='grc'>998</span> <span class='ocrx_word' id='word_1_219' title='bbox 432 4143 520 4229; x_wconf 63' lang='lat' dir='ltr'>ardes.</span> <span class='ocrx_word' id='word_1_220' title='bbox 541 4176 554 4247; x_wconf 86' lang='grc' dir='ltr'>ΙΙ</span> <span class='ocrx_word' id='word_1_221' title='bbox 580 4183 630 4229; x_wconf 87' lang='grc'>940</span> <span class='ocrx_word' id='word_1_222' title='bbox 648 4181 749 4231; x_wconf 81' lang='lat' dir='ltr'>firmana</span> <span class='ocrx_word' id='word_1_223' title='bbox 774 4180 787 4251; x_wconf 74' lang='lat' dir='ltr'>ll</span> <span class='ocrx_word' id='word_1_224' title='bbox 808 4185 856 4233; x_wconf 83' lang='grc'>941</span> <span class='ocrx_word' id='word_1_225' title='bbox 876 4183 923 4232; x_wconf 88' lang='lat' dir='ltr'>msi</span> <span class='ocrx_word' id='word_1_226' title='bbox 943 4197 1033 4246; x_wconf 87' lang='lat' dir='ltr'>eorpus</span> <span class='ocrx_word' id='word_1_227' title='bbox 1052 4182 1160 4230; x_wconf 86' lang='lat' dir='ltr'>mixtum</span> <span class='ocrx_word' id='word_1_228' title='bbox 1185 4177 1198 4248; x_wconf 76' lang='lat' dir='ltr'>ll</span> <span class='ocrx_word' id='word_1_229' title='bbox 1219 4183 1268 4229; x_wconf 81' lang='grc'>949</span> 
     </span>
     <span class='ocr_line' id='line_1_34' title="bbox 148 4264 1268 4338; baseline 0.001 -19"><span class='ocrx_word' id='word_1_230' title='bbox 148 4285 272 4334; x_wconf 85' lang='lat' dir='ltr'>superna.</span> <span class='ocrx_word' id='word_1_231' title='bbox 293 4265 306 4338; x_wconf 76' lang='grc' dir='ltr'>Η</span> <span class='ocrx_word' id='word_1_232' title='bbox 332 4267 466 4320; x_wconf 77' lang='grc'><strong>99499919</strong></span> <span class='ocrx_word' id='word_1_233' title='bbox 490 4264 503 4334; x_wconf 89' lang='grc' dir='ltr'>ΙΙ</span> <span class='ocrx_word' id='word_1_234' title='bbox 530 4268 579 4314; x_wconf 82' lang='grc'>956</span> <span class='ocrx_word' id='word_1_235' title='bbox 600 4275 772 4330; x_wconf 85' lang='lat' dir='ltr'>tempestatem</span> <span class='ocrx_word' id='word_1_236' title='bbox 798 4268 810 4338; x_wconf 84' lang='grc' dir='ltr'>ΙΙ</span> <span class='ocrx_word' id='word_1_237' title='bbox 837 4274 885 4322; x_wconf 76' lang='grc'>997</span> <span class='ocrx_word' id='word_1_238' title='bbox 906 4271 976 4322; x_wconf 83' lang='lat' dir='ltr'>lurae</span> <span class='ocrx_word' id='word_1_239' title='bbox 997 4268 1010 4337; x_wconf 76' lang='lat' dir='ltr'>ll</span> <span class='ocrx_word' id='word_1_240' title='bbox 1032 4271 1081 4320; x_wconf 80' lang='grc'>958</span> <span class='ocrx_word' id='word_1_241' title='bbox 1101 4282 1207 4335; x_wconf 84' lang='lat' dir='ltr'>corpore</span> <span class='ocrx_word' id='word_1_242' title='bbox 1226 4282 1268 4320; x_wconf 85' lang='lat' dir='ltr'>ne-</span> 
     </span>
     <span class='ocr_line' id='line_1_35' title="bbox 148 4354 661 4424; baseline 0 -20"><span class='ocrx_word' id='word_1_243' title='bbox 148 4371 226 4404; x_wconf 85' lang='lat' dir='ltr'>xum.</span> <span class='ocrx_word' id='word_1_244' title='bbox 248 4355 261 4424; x_wconf 73' lang='lat' dir='ltr'>ll</span> <span class='ocrx_word' id='word_1_245' title='bbox 282 4361 331 4406; x_wconf 80' lang='grc'>969</span> <span class='ocrx_word' id='word_1_246' title='bbox 352 4373 402 4420; x_wconf 90' lang='lat' dir='ltr'>quo</span> <span class='ocrx_word' id='word_1_247' title='bbox 422 4354 436 4423; x_wconf 75' lang='lat' dir='ltr'>ll</span> <span class='ocrx_word' id='word_1_248' title='bbox 457 4357 507 4404; x_wconf 86' lang='grc'>964</span> <span class='ocrx_word' id='word_1_249' title='bbox 526 4354 661 4404; x_wconf 64' lang='lat' dir='ltr'>extructas</span> 
     </span>
    </p>
   </div>
   <div class='ocr_carea' id='block_1_5' title="bbox 0 0 1633 5010">
    <p class='ocr_par' dir='ltr' id='par_1_15' title="bbox 0 0 1633 5010">
     <span class='ocr_line' id='line_1_36' title="bbox 0 0 1633 5010; baseline 0 0"><span class='ocrx_word' id='word_1_250' title='bbox 0 0 1633 5010; x_wconf 95' lang='lat' dir='ltr'> </span> 
     </span>
    </p>
   </div>
  </div>
 </body>
</html>
