3266 4994
676 391 704 455 V

122 561 270 626 accidere
294 581 335 626 ex
358 533 583 626 una'scintilla
606 561 757 626 incendia
779 563 920 645 passim.

57 696 97 742 cro
123 674 260 742 forsitan
283 695 301 743 0
324 697 419 744 rosea
443 677 491 742 sol
514 678 578 741 alte
601 675 752 759 lampade
775 678 885 742 lucens

120 789 287 875 possideat
309 792 442 857 multum
464 792 570 857 caecis
593 790 772 856 fervoribus
793 792 900 872 ignem

123 905 242 969 circum
265 925 320 982 se,
337 905 424 971 nullo
448 907 503 989 qui
525 906 566 971 sit
589 905 715 988 fulgore
738 910 885 990 notatus,

120 1017 254 1084 aestifer
276 1025 311 1083 ut
331 1026 455 1085 tantum
477 1020 637 1086 radiorum
662 1027 823 1101 exaugeat
845 1021 960 1085 ictum.

161 1134 230 1198 Nec
251 1134 334 1198 ratio
357 1135 434 1200 solis
457 1135 592 1218 simplex
614 1132 730 1198 rellata
753 1135 905 1218 patescit,

55 1266 95 1313 crs
123 1267 186 1328 quo
210 1254 303 1330 pacto
326 1249 457 1315 aestivis
480 1270 498 1314 e
520 1249 664 1332 partibus
686 1248 889 1329 aegocerotis

122 1361 278 1426 brumalis
300 1362 399 1428 adeat
420 1363 523 1428 flexus
547 1370 642 1446 atque
666 1363 740 1427 inde
764 1367 926 1428 revertens

125 1477 233 1540 cancri
255 1495 291 1541 se
314 1482 348 1540 ut
369 1484 473 1543 vertat
495 1483 598 1543 metas
621 1478 664 1542 od
686 1475 881 1559 solstitialis,

123 1589 263 1672 lunaque
285 1593 448 1658 mensibus
470 1591 504 1656 id
526 1592 664 1677 spatium
687 1591 834 1656 rideatur
857 1590 964 1672 obire,

124 1723 232 1768 annua
255 1705 302 1769 sol
325 1706 358 1769 in
380 1726 442 1788 quo
465 1707 622 1772 consumit
644 1711 789 1788 tempora
811 1724 926 1769 cursu.

56 1835 100 1882 600
125 1839 209 1902 non,
225 1817 377 1900 inquam,
394 1823 529 1906 simplex
553 1822 602 1886 his
626 1820 719 1885 rebus
742 1817 867 1884 reddita
891 1826 1038 1884 causast.

72 1937 75 1942 '
125 1953 200 1996 nam
221 1935 289 1999 fieri
312 1935 362 2001 vel
387 1957 458 2000 oum
478 1936 590 2020 primis
612 1936 646 2000 id
668 1955 763 2019 posse
786 1932 927 2015 videtur,

125 2049 301 2113 Democriti
325 2051 410 2133 quod
433 2057 544 2116 sancta
567 2051 626 2115 viri
648 2049 805 2115 sententia
827 2049 936 2131 ponit,

125 2169 245 2243 quanto
271 2184 417 2247 quaeque
440 2167 543 2248 magis
566 2167 628 2230 sint
650 2169 768 2228 terram
791 2161 898 2226 sidera
920 2168 1069 2247 propter,

124 2281 212 2343 tanto
237 2297 333 2360 posse
357 2279 460 2346 minus
483 2301 552 2346 cum
578 2279 660 2346 caeli
683 2277 809 2342 turbine
833 2275 931 2344 ferri:

66 2407 105 2454 crs
130 2411 322 2458 evanescere
346 2395 430 2458 eninr
451 2397 581 2479 rapidas
604 2396 689 2460 illius
713 2397 744 2456 et
765 2391 850 2456 acris

127 2505 270 2571 imminui
292 2514 401 2592 supter
423 2510 519 2589 viris,
536 2511 674 2591 ideoque
697 2505 830 2587 relinqui

127 2621 282 2702 paulatim
306 2621 403 2686 solem
428 2643 497 2688 cum
520 2621 742 2707 posterioribu'
768 2619 887 2703 signis,
947 2693 954 2708 ⁸

129 2733 260 2800 inferior
282 2737 379 2801 multo
403 2739 487 2819 quod
510 2739 551 2803 sit
573 2755 668 2818 quam
692 2733 816 2799 fervida
839 2735 950 2818 signa.

130 2853 160 2911 et
183 2849 285 2930 magis
308 2848 369 2914 hoc
390 2851 519 2915 lunam:
538 2856 655 2932 quanto
680 2847 848 2913 demissior
870 2849 938 2912 eins

65 2977 106 3026 600
131 2982 240 3027 cursus
263 2965 354 3030 abest
375 2963 486 3049 procul
508 2981 529 3026 a
551 2963 641 3028 caelo
665 2962 830 3045 terrisque
843 2963 1059 3046 propinquat,
1165 3011 1171 3020 ,

129 3082 215 3142 tanto
239 3097 335 3162 posse
359 3078 462 3144 minus
485 3098 556 3143 oum
580 3078 680 3162 siguis
702 3078 834 3144 tendere
858 3099 984 3144 cursum
998 3117 1025 3141 ,ι
1068 3047 1075 3066 ’

129 3190 310 3256 flaccidiore
332 3193 448 3258 etenim
472 3201 589 3274 quanto
614 3195 679 3258 iam
701 3194 827 3258 turbine
849 3193 950 3258 fertur

130 3305 264 3371 inferior
287 3327 382 3388 quarn
406 3308 454 3372 sol
468 3356 475 3392 ‚
491 3311 580 3372 tanto
604 3308 708 3390 magis
732 3308 839 3373 omnia
863 3308 955 3388 signa

129 3418 213 3484 hanc
236 3421 453 3504 adipiscuntur
476 3422 612 3503 circum,
629 3426 821 3502 praeterque
844 3421 1006 3483 seruntur.

68 3549 109 3598 600
133 3541 305 3618 propterea
326 3534 361 3598 fit
384 3542 416 3597 ut
439 3533 518 3600 haec
541 3533 583 3598 ad
606 3534 732 3614 signum
756 3533 905 3615 quodque
928 3534 1044 3598 reverti

131 3647 279 3713 mobilius
302 3649 464 3733 videatur,
483 3649 525 3713 ad
549 3649 632 3713 hanc
655 3648 730 3729 quia
753 3648 847 3728 signa
870 3648 1033 3712 revisunt.

62 3796 80 3834 0
131 3762 164 3826 tit
186 3781 314 3845 quoque
337 3769 371 3826 nt
393 3782 410 3828 0
433 3764 541 3829 mundi
564 3762 756 3828 transversis
778 3763 921 3845 partibus
944 3771 998 3830 ae‘r

130 3877 261 3942 alternis
284 3883 368 3942 certo
391 3877 490 3942 fluere
512 3879 594 3943 alter
616 3884 760 3962 tempore
782 3877 903 3963 possit,

132 3991 183 4072 qni
208 3999 304 4072 queat
326 3991 456 4056 aestivis
478 3993 578 4057 solem
603 3993 773 4058 detrudere
796 3993 897 4075 signis
936 3981 937 3984 '

66 4115 109 4164 cro
132 4103 287 4169 brumalis
310 4125 412 4188 usque
435 4107 477 4171 ad
499 4105 602 4171 flexus
623 4105 828 4188 gelidumque
850 4105 1010 4186 rigorem,

137 4347 185 4396 610
205 4355 230 4396 et
249 4347 261 4413 ji
283 4349 333 4396 613
352 4347 491 4399 Aestiferiu
511 4349 524 4417 {l
546 4351 597 4398 614
615 4357 684 4400 recta
703 4344 717 4415 {l
738 4349 786 4396 617
807 4347 927 4398 Canceris
946 4355 974 4393 ut
993 4342 1005 4411 Η
1027 4345 1076 4392 632
1096 4343 1172 4392 etiam

1016 4449 1052 4508 12
