3266 4994
684 369 742 433 1111

187 541 252 605 Neo
274 541 383 606 divina
407 545 509 605 sutum
532 541 707 624 genitalem
730 539 860 604 numina
883 540 1032 623 cuiquam

150 655 345 732 absterrent,
361 661 454 739 pater
478 676 499 720 a
521 655 627 736 gnatis
650 675 690 719 nc
713 655 858 719 dulcibus
880 673 1031 736 umquam

81 789 133 835 nes
151 770 329 853 appelletur
351 776 384 836 et
404 775 439 834 ut
461 768 560 834 sterili
584 767 708 834 Venere
730 768 838 851 exigat
860 789 993 847 aevorn;

148 883 231 964 quod
253 883 441 968 plerumque
463 889 595 967 putant,
613 891 644 948 et
665 885 764 948 multo
789 884 946 965 sangnine
968 884 1081 948 nraesti

146 1005 365 1082 conspergunt
386 1017 460 1062 aras
483 998 676 1080 adolentque
699 999 815 1062 altaria
836 998 948 1082 donis,

145 1118 179 1175 ut
201 1113 359 1194 gravidas
380 1110 517 1176 reddant
539 1132 655 1177 uxores
678 1113 799 1178 semine
822 1113 932 1196 largo,

144 1245 183 1289 ne
206 1227 383 1308 quiquam,
400 1225 506 1291 divom
529 1246 645 1292 numen
669 1228 826 1309 sortisque
849 1226 1008 1311 fatigant.

74 1358 131 1405 raro
146 1359 219 1403 nam
244 1341 369 1404 steriles
391 1341 522 1404 nimium
546 1360 654 1406 crasso
677 1348 751 1405 sunt
773 1342 893 1407 semine
916 1342 1050 1426 partim,

146 1459 177 1518 et
197 1453 323 1536 liquido
345 1460 472 1538 praeter
494 1455 610 1520 iustum
633 1455 783 1536 tenuique
805 1456 965 1521 vicissim.

147 1574 243 1633 tenve
267 1569 347 1633 loeis
371 1568 532 1649 quianon
555 1568 638 1652 potis
660 1576 710 1633 est
731 1568 873 1649 adfigere
896 1570 1091 1652 adhaesum,

144 1681 277 1763 liquitur
300 1682 460 1765 extemplo
483 1688 515 1746 et
536 1688 720 1748 revocatum
744 1683 829 1746 cedit
850 1684 983 1748 abortu.

145 1773 287 1862 crassius
310 1797 359 1861 bis
381 1817 477 1880 porro
501 1797 652 1877 quoniam
676 1797 854 1862 concretius
876 1817 979 1879 aequo

73 1928 129 1975 rurs
146 1909 298 1988 mittitur,
314 1917 369 1975 aut
392 1932 456 1975 non
477 1919 542 1976 tam
563 1911 688 1994 prolixo
711 1912 859 1994 provolat
879 1911 942 1976 ictu

145 2032 200 2090 aut
222 2032 392 2110 penetrare
416 2026 503 2091 locos
526 2045 629 2107 aeque
653 2025 763 2107 nequit
785 2032 841 2089 aut
861 2031 1060 2110 penetratum

144 2160 242 2225 aegre
266 2139 460 2204 admiscetur
482 2140 627 2204 muliebri
651 2140 771 2204 semine
794 2160 923 2205 semen.

143 2274 216 2318 narn
242 2253 373 2318 multum
398 2254 583 2319 barmoniae
606 2253 739 2319 Veneris
762 2253 888 2321 differre
910 2255 1075 2320 ridentur.

144 2375 242 2452 atque
266 2368 349 2434 alias
372 2368 428 2432 alii
452 2370 614 2453 complent
634 2369 758 2452 magis,
776 2388 816 2433 ex
839 2369 975 2450 aliisque

75 2500 130 2548 ruo
144 2484 325 2568 succipiunt
347 2483 433 2549 aliae
456 2483 582 2567 pondus
603 2485 707 2566 magis
728 2483 826 2564 inque
848 2491 1060 2566 gravescunt.

146 2606 177 2663 et
198 2599 319 2664 multae
341 2599 467 2664 steriles
489 2599 684 2685 Hymenaeis
707 2604 780 2662 ante
801 2595 929 2662 fuerunt

145 2714 311 2797 pluribus,
329 2721 360 2778 ct
382 2719 498 2778 nactae
519 2720 592 2796 post
614 2722 688 2778 sunt
709 2718 816 2778 tamen
839 2711 924 2777 unde
947 2713 1072 2795 puellos

143 2829 308 2912 suscipere
332 2834 362 2892 et
383 2834 476 2912 partu
498 2834 632 2912 possent
654 2828 809 2894 ditescere
832 2827 938 2892 dulci.

144 2950 177 3008 ct
204 2943 320 3025 quibus
343 2949 418 3008 ante
441 2943 527 3008 domi
550 2942 710 3008 fecundae
733 2963 832 3028 saepe
854 2943 1042 3026 nequissent

71 3073 129 3122 ross
144 3077 264 3122 uxores
286 3076 421 3142 parere,
439 3059 600 3124 inventast
620 3058 685 3125 illis
708 3080 836 3144 quoque
859 3081 989 3146 compar

143 3178 284 3250 natura,
300 3178 334 3237 ut
356 3179 488 3256 possent
508 3174 617 3256 gnatis
639 3175 763 3240 munire
786 3183 969 3240 senectam.

144 3306 250 3368 usque
273 3287 356 3354 adeo
378 3288 488 3372 magui
511 3288 625 3372 refert,
642 3294 677 3352 ut
699 3289 823 3352 semine
844 3287 968 3372 possint

145 3401 322 3468 seminibus
345 3402 543 3467 commisceri
565 3401 748 3482 genitaliter
770 3409 865 3484 apta,

148 3534 325 3597 crassaque
348 3517 537 3614 conveniant
559 3514 690 3595 liquidis
712 3521 743 3578 et
764 3514 888 3596 liquida
911 3515 1048 3580 crassis.

71 3646 131 3696 raso
149 3637 248 3712 atquc
269 3631 302 3694 in
325 3650 363 3696 eo
388 3631 485 3695 refert
507 3649 570 3712 quo
593 3628 678 3692 victu
700 3628 766 3692 vita
788 3628 930 3692 colatur:

147 3763 288 3828 namque
310 3745 383 3810 aliis
405 3745 499 3809 rebus
522 3748 731 3812 concrescunt
752 3743 875 3808 semina
898 3744 1068 3831 membris,

107 3911 110 3918 .
147 3867 243 3942 atque
266 3859 339 3924 aliis
361 3863 573 3924 extenvantur
595 3859 769 3942 tabentque
791 3859 954 3926 vicissim.

148 3980 179 4038 et
201 3974 316 4057 quibus
337 3974 410 4057 ipsa
431 3970 536 4035 modis
558 3977 709 4039 tractetur
732 3973 850 4040 blanda
870 3975 1042 4060 voluptas,

154 4251 221 4299 1234
238 4255 337 4312 praeter
356 4244 369 4315 Η
393 4249 459 4298 1243
474 4246 554 4296 credit
574 4241 587 4315 Η
609 4248 676 4296 1244
689 4247 731 4296 bic
752 4243 764 4314 ll
788 4250 853 4298 1241
868 4248 967 4297 mulieri
990 4243 1002 4314 Η
1024 4245 1089 4294 1252
1103 4258 1149 4312 pos
1169 4239 1183 4308 Η
1204 4244 1271 4297 1255

152 4336 246 4388 Uxoris
265 4334 280 4404 ΙΙ
302 4337 368 4388 1259
387 4335 542 4390 conveniunt
562 4329 575 4400 Η
597 4334 664 4382 1262
683 4333 728 4384 alii
750 4332 764 4404 Η
784 4335 909 4401 tabesque
