3240 5010
695 385 724 450 V
758 354 762 364 .

133 573 245 636 quam
269 554 346 617 dare
369 553 454 635 quod
478 560 643 634 gemerent
665 554 793 638 hostes,
810 556 934 637 ipsique
957 557 1082 640 perire,

131 667 356 754 qui-numero
380 667 568 735 diffidebant
590 669 749 751 armisque
771 670 947 734 vacabant.

50 804 114 851 1350
180 781 315 847 Nexilis
339 789 412 847 anto
435 782 495 846 luit
517 784 614 849 vestis
637 804 731 866 quarn
755 784 865 848 textile
887 790 1036 868 tegmen.

131 896 256 962 textile
278 903 352 981 post
373 895 540 970 ferrumst.
558 898 632 979 quia
654 897 739 964 ferro
762 900 826 964 tela
848 903 998 984 paratur,

131 1031 201 1076 nec
227 1011 352 1076 ratione
375 1010 442 1076 alia
463 1019 598 1097 possunt
618 1019 684 1078 tam
707 1013 793 1080 levia
816 1015 902 1098 gigni

132 1125 255 1191 insilia
277 1146 315 1190 ac
337 1125 397 1191 lusi
411 1176 419 1210 ‚
434 1127 536 1210 radii,
553 1129 707 1211 scapique
730 1135 901 1193 sonantes.

134 1248 170 1308 et
195 1239 307 1306 facere
330 1248 403 1306 aute
426 1241 511 1307 viros
533 1242 641 1307 lanam
664 1247 779 1306 natura
801 1243 905 1326 cotgit

51 1379 117 1426 raas
136 1377 245 1440 quarn
268 1356 421 1421 muliebre
444 1376 567 1438 genus:
584 1378 659 1422 nam
681 1358 778 1440 longe
801 1358 996 1441 praestatio
1020 1363 1087 1424 arte

134 1480 170 1538 et
197 1471 361 1537 sollertius
385 1478 433 1536 est
454 1471 553 1536 multo
577 1491 678 1552 genus
702 1493 795 1538 omne
818 1474 906 1537 virile
919 1496 927 1552 ;

136 1588 310 1673 agricolae
334 1587 437 1652 donec
459 1585 536 1649 vitio
558 1594 683 1652 vertere
706 1588 832 1659 severi,

135 1709 174 1768 ut
198 1701 409 1788 muliebribus
430 1701 463 1764 id
486 1701 635 1766 manibus
658 1703 834 1767 concedere
856 1701 974 1767 vellent

138 1825 247 1901 atquc
270 1815 332 1901 ipsi
356 1817 473 1899 pariter
495 1816 608 1880 durum
631 1817 765 1882 sufferre
786 1817 951 1900 laborem,

57 1940 247 2016 recreatque
270 1951 367 2017 opere
389 1931 421 1995 in
446 1931 524 1996 duro
548 1930 698 1996 durarent
720 1934 864 1998 membra
885 1952 1084 2014 manusque.

183 2051 229 2114 At
251 2047 413 2131 specimen
436 2047 570 2112 sationis
593 2054 624 2112 et
645 2047 802 2112 insitionis
825 2049 913 2131 origo

136 2164 218 2247 ipsa
240 2162 299 2226 fuit
321 2182 423 2226 rerum
446 2162 583 2246 primum
606 2167 721 2227 natura
744 2163 902 2239 creatrix,

139 2277 315 2344 arboribus
339 2275 487 2359 quoniam
511 2277 610 2342 bacae
633 2277 832 2361 glandesque
856 2279 997 2343 caducae

141 2391 337 2477 tempestiva
360 2390 483 2455 dabant
504 2392 663 2475 pullorum
686 2392 837 2456 examina
860 2397 988 2476 suptcr3

61 2528 124 2576 racc
142 2506 234 2574 unde
257 2505 353 2570 etiam
376 2504 528 2571 libitumst
551 2507 657 2590 stirpis
680 2507 874 2571 committere
897 2506 994 2571 ramis

142 2631 176 2690 et
201 2642 286 2687 nova
309 2621 463 2687 defodere
486 2622 518 2685 in
541 2626 660 2686 terram
681 2621 818 2705 virgulta
840 2641 898 2704 per
920 2641 1036 2704 agros.

117 2738 222 2803 'inde
246 2737 344 2802 aliam
366 2741 462 2818 atque
486 2737 585 2800 aliam
608 2737 763 2801 culturam
788 2735 888 2800 dulcis
911 2735 1009 2820 agelli

142 2852 366 2936 temptabant,
382 2852 566 2933 fructusque
589 2850 676 2917 feros
698 2869 922 2917 mansuescere
944 2855 1063 2916 terram

143 2968 321 3034 cernebant
342 2966 538 3052 indulgendo
560 2966 745 3050 blandeque
768 2968 922 3033 colendo.

64 3101 127 3149 raro
145 3083 246 3165 inque
269 3082 338 3148 dies
361 3083 464 3164 magis
485 3083 518 3147 in
540 3090 678 3148 montem
704 3083 877 3150 succedere
900 3083 997 3150 silvas

144 3198 307 3278 cogebant
328 3197 477 3280 infraque
500 3197 604 3264 locum
628 3200 802 3265 concedere
825 3199 938 3283 cultis,

147 3318 243 3397 prata
265 3313 357 3378 lacus
378 3314 464 3378 rivos
487 3319 616 3397 segetes
637 3312 809 3396 vinetaque
832 3315 916 3377 laeta

147 3427 286 3494 collibus
308 3434 340 3493 et
362 3421 482 3512 campis
504 3432 539 3491 ut
560 3427 734 3501 haberent,
751 3431 847 3507 atque
871 3429 1014 3492 olearum

146 3543 277 3608 caerula
300 3541 500 3626 distinguens
522 3543 604 3606 inter
627 3539 728 3624 plaga
754 3558 881 3604 currere
903 3547 1013 3622 posset

66 3675 130 3725 1375
149 3679 208 3742 per
230 3659 368 3723 tumulos
392 3663 423 3725 et
445 3656 600 3726 convallis
624 3673 816 3738 camposque
839 3653 989 3738 profusa;

147 3779 183 3836 ut
204 3793 288 3838 nunc
311 3793 383 3840 esse
406 3775 498 3841 vides
520 3774 609 3841 vario
632 3771 780 3838 distincta
802 3756 913 3853 lepore

149 3887 274 3971 omnia,
293 3908 375 3971 quae
397 3891 500 3973 pomis
522 3889 666 3956 intersita
689 3887 834 3952 dulcibus
856 3895 971 3953 ornant

151 4003 354 4086 arbustisque
376 4010 484 4069 tenent
505 4006 650 4071 felicibus
674 4003 779 4089 opsita
803 4003 939 4069 circum.

191 4117 250 4205 [At
270 4118 410 4201 liquidas
433 4119 538 4183 avium
561 4139 656 4186 voces
679 4119 831 4184 imitarier
854 4139 908 4185 ore

155 4363 327 4413 marianam
348 4361 361 4432 ΙΙ
384 4366 449 4414 1361
470 4365 494 4415 A
515 4361 528 4432 ll
550 4365 616 4414 1366
637 4363 753 4414 dosodire
774 4363 787 4433 ll
810 4367 876 4414 1368
895 4373 978 4414 terra.
