3266 4994
337 365 379 430 90
879 361 923 426 111

336 528 422 612 quod
446 551 548 612 genus
571 551 589 595 e
611 531 710 595 thuris
734 531 859 612 glaebis
882 529 1019 596 evellere
1041 531 1173 595 odorem

337 645 423 708 haud
446 644 542 709 facile
564 652 632 722 est,
650 645 726 727 quin
749 645 885 710 intereat
906 649 1021 708 natura
1044 664 1170 726 quoque
1192 644 1281 710 eius.

338 759 384 823 sie
407 758 505 822 animi
528 765 625 840 atque
648 759 774 824 animae
798 765 942 823 naturam
966 777 1099 841 corpore
1121 765 1187 824 toto

263 892 313 938 330
339 871 504 938 extrahere
526 873 605 937 haut
626 870 722 937 facile
745 879 812 956 est,
830 872 907 955 quin
929 871 1037 936 omnia
1060 871 1296 937 dissoluantur.

337 986 475 1069 inplexis
496 986 541 1050 ita
562 987 727 1070 principiis
750 987 792 1052 ab
815 986 938 1068 origiue
960 985 1064 1068 prima

338 1100 418 1164 inter
440 1119 475 1164 se
498 1099 577 1164 fiunt
599 1101 739 1164 consorti
761 1099 910 1184 praedita
930 1098 1015 1180 vita,

338 1233 399 1278 nec
421 1214 481 1277 sibi
506 1232 652 1293 quaeque
675 1214 744 1278 sine
767 1213 901 1278 alterius
923 1212 956 1277 vi
977 1231 1074 1295 posse
1096 1211 1220 1277 videtur

337 1327 478 1411 corporis
503 1333 599 1408 atque
622 1327 717 1390 animi
741 1347 884 1392 seorsum
907 1325 1024 1391 sentire
1046 1331 1212 1409 potestas,

263 1461 313 1508 335
340 1441 397 1506 sed
421 1441 640 1505 communibus
661 1442 745 1504 inter
767 1461 824 1504 eas
847 1439 1002 1504 conflatur
1024 1440 1178 1521 utrimque

337 1557 475 1620 motibus
497 1575 650 1619 accensus
674 1555 766 1619 nobis
787 1573 846 1638 per
867 1554 992 1618 viscera
1014 1573 1146 1620 sensus.

335 1675 503 1754 praeterea
525 1687 640 1751 eorpus
661 1687 721 1751 per
743 1688 778 1733 se
800 1689 860 1734 nce
881 1669 1023 1751 gignitur
1044 1689 1195 1750 umquam

337 1803 397 1848 nec
420 1782 533 1876 crescit
555 1801 659 1862 neque
682 1789 754 1864 post
778 1789 910 1847 mortem
934 1783 1051 1847 durare
1073 1783 1218 1847 videtur.

336 1920 400 1963 uon
423 1897 527 1973 enim,
544 1902 578 1959 ut
600 1917 691 1960 umor
713 1916 817 1977 aquae
840 1896 969 1960 dimittit
991 1915 1089 1978 saepe
1111 1916 1284 1979 vaporem,

261 2033 311 2080 330
337 2013 391 2095 qui
413 2010 508 2075 datus
531 2018 599 2094 est,
619 2030 724 2091 neque
747 2031 787 2075 ea
809 2031 906 2075 causa
928 2009 1117 2074 convellitur
1138 2011 1227 2094 ipse,

335 2126 392 2190 scd
414 2132 522 2190 manet
543 2125 732 2203 incolumis,
749 2146 833 2208 non,
850 2125 1002 2206 inquam,
1019 2122 1064 2187 sic
1087 2124 1206 2187 animai

247 2231 254 2244 ’
334 2240 503 2304 discidium
524 2246 659 2323 possunt
681 2245 769 2303 artus
794 2239 936 2325 perferre
958 2238 1080 2312 relicti,

335 2353 394 2418 sed
419 2355 545 2436 penitus
568 2359 700 2437 percunt
722 2327 865 2418 convulsi
889 2372 1011 2434 conque
1033 2359 1237 2435 putrescunt.

334 2488 374 2532 ex
396 2469 526 2533 ineunte
549 2488 631 2533 aevo
654 2469 700 2533 sic
722 2467 864 2550 corporis
886 2473 981 2548 atque
1003 2467 1122 2533 animai

259 2606 309 2652 345
335 2591 445 2648 mutua
467 2584 575 2648 vitalis
598 2584 723 2647 discunt
746 2582 895 2664 contagia
917 2588 1040 2660 motus,

334 2699 486 2763 maternis
510 2697 606 2762 ctiam
629 2697 778 2762 membris
800 2699 939 2778 alvoque
960 2703 1108 2780 reposta,

335 2813 503 2877 discidium
527 2817 562 2874 ut
583 2819 723 2894 nequeat
744 2812 812 2877 fieri
836 2813 904 2877 sine
926 2818 1015 2895 peste
1038 2813 1208 2896 maloque;

334 2934 368 2991 ut
389 2925 521 3009 videas,
539 2927 689 3008 quoniam
714 2927 911 2992 coniunctast
934 2946 1033 2991 causa
1054 2927 1185 3009 salutis,

334 3042 535 3107 coniunctam
559 3060 686 3123 quoque
710 3047 854 3105 naturam
878 3039 1050 3105 consistere
1074 3059 1203 3104 eorum.

260 3177 309 3223 330
380 3156 492 3242 [Quod
515 3174 611 3238 super
633 3161 701 3238 est,
719 3156 817 3238 siquis
838 3176 953 3239 corpus
976 3154 1095 3219 sentire
1117 3154 1253 3232 refutat,

334 3276 429 3350 atque
453 3270 592 3334 animam
616 3269 715 3334 credit
736 3270 926 3353 permixtam
951 3290 1084 3352 corpore
1106 3275 1173 3332 toto

335 3384 498 3467 suscipere
521 3384 604 3449 huuc
625 3390 745 3448 motum
768 3406 861 3467 quern
884 3404 1012 3449 sensum
1035 3383 1283 3460 nominitamus,

334 3499 384 3562 vel
409 3498 594 3562 manifestas
616 3519 668 3564 res
692 3505 802 3563 contra
825 3517 984 3580 verasque
1006 3501 1184 3579 repugnat.

336 3611 413 3692 quid
436 3613 477 3676 sit
499 3613 581 3676 enim
604 3633 719 3696 corpus
742 3615 858 3678 sentire
882 3612 953 3694 quis
976 3610 1101 3674 adferet
1121 3630 1294 3692 umquam,

259 3746 309 3792 333
335 3726 362 3789 si
385 3746 449 3790 non
472 3727 543 3810 ipsa
565 3730 669 3812 palam
695 3727 781 3810 quod
804 3746 854 3790 res
878 3725 965 3790 dedit
987 3745 1026 3789 ac
1048 3723 1155 3788 docuit
1175 3729 1262 3792 nos?

334 3847 368 3904 at
391 3841 523 3907 dimissa
544 3844 651 3906 anima
673 3861 787 3924 corpus
811 3845 899 3904 caret
920 3839 1060 3921 undique
1083 3860 1198 3906 sensu:

338 4112 388 4159 330
407 4119 451 4159 eut
470 4107 483 4176 ΙΙ
504 4111 554 4158 332
574 4108 685 4159 consorti
705 4108 768 4157 fiunt
788 4104 801 4175 Η
821 4107 903 4156 vitae.
925 4106 937 4176 Η
959 4111 1009 4159 335
1029 4125 1072 4161 303
1092 4107 1105 4175 ΙΙ
1126 4111 1176 4158 346
1193 4116 1311 4173 reposto.
1331 4105 1345 4177 ΙΙ
1367 4111 1416 4157 347
1430 4117 1459 4160 ut

339 4213 461 4248 ommuni
474 4233 479 4245 ι
