3240 5010
703 373 748 439 VI

165 547 217 613 lric
239 547 293 611 ubi
316 547 365 614 sol
387 545 505 624 radiis,
522 551 744 630 tempestatem
765 545 846 610 inter
869 566 1023 631 opacam,

86 685 140 732 555
167 662 304 728 55155555
326 661 413 728 551555
435 661 614 726 nimborum
636 661 807 744 aspargine
830 668 960 745 contra,

165 783 231 844 tum
255 777 345 843 color
365 777 398 840 in
421 776 522 858 nigris
545 776 650 840 existit
673 776 808 841 nubibus
832 778 945 858 arqui.

205 893 320 958 Cetera
343 910 426 972 quae
450 909 544 954 cursu
567 895 713 955 crescunt
734 911 892 973 cursuque
915 897 1082 970 creantur,

166 1013 197 1070 et
219 1026 300 1088 quae
324 1005 586 1070 concrescentia
608 1005 766 1088 nubibus,
784 1006 911 1089 emnia,
929 1027 1074 1090 prorsum

167 1120 293 1204 onmia,
310 1120 386 1203 nin,
403 1119 509 1195 venti,
524 1120 668 1204 grande,
684 1119 877 1201 gelidaeque
899 1122 1052 1205 pruinae,

87 1257 140 1305 555
166 1243 197 1300 55
217 1236 265 1302 vis
287 1255 409 1316 magna
430 1233 515 1316 geli,
529 1253 679 1316 magnum
702 1234 858 1299 duramen
881 1255 1056 1321 aquarum,

165 1356 197 1416 et
217 1369 308 1415 mura
333 1369 418 1431 quae
440 1348 554 1414 5155555
576 1348 698 1432 passim
722 1348 862 1414 refrenat
886 1351 1010 1435 euntis,

165 1466 349 1550 perfacilest
370 1472 478 1530 tamen
501 1464 579 1528 haec
601 1464 740 1548 reperire
763 1465 933 1546 animoque
954 1465 1064 1530 videre

165 1582 272 1644 omnia
295 1601 358 1663 qne
381 1583 475 1661 pacto
497 1577 577 1644 fiant
599 1598 664 1660 qua
686 1598 761 1644 reve
783 1587 950 1661 creentur,

165 1715 236 1760 cum
259 1696 341 1760 bene
363 1694 510 1778 cognoris
533 1693 697 1760 elementis
718 1693 845 1758 reddita
868 1713 952 1774 quac
975 1695 1057 1758 sint.

87 1830 140 1878 555
207 1811 300 1874 Nunc
322 1829 401 1893 age,
418 1827 501 1890 quae
523 1810 604 1873 ratic
627 1808 724 1876 terrai
747 1809 884 1874 motibus
907 1815 992 1874 extet

165 1926 313 2009 percipe.
330 1931 362 1988 et
382 1924 416 1987 in
437 1924 548 2008 primis
570 1930 686 1989 terram
710 1922 760 1988 fac
783 1930 817 1987 ut
840 1943 911 1988 5555
934 1924 1036 1988 rearis

166 2045 276 2122 supter
297 2039 371 2103 item
395 2043 430 2104 55
451 2057 568 2123 supera
590 2039 731 2104 55555555
753 2039 893 2119 undique
916 2039 1044 2122 plenam

165 2153 345 2238 speluncis,
361 2152 542 2234 multosque
564 2152 651 2216 lacus
675 2153 855 2234 multasque
879 2154 1013 2218 lucunas

166 2269 199 2332 in
220 2268 342 2348 gremio
365 2286 477 2349 gerere
501 2273 532 2330 et
554 2287 649 2351 rupes
671 2267 870 2352 deruptaque
895 2288 992 2332 saxa:

86 2403 140 2452 545
167 2382 330 2464 multaque
354 2384 412 2448 sub
434 2387 524 2464 tergo
547 2379 645 2444 terrai
667 2379 799 2444 flumina
821 2386 904 2446 55555

166 2498 293 2562 volvere
315 2496 347 2559 55
369 2495 482 2560 5155555
505 2513 744 2576 summersaque
768 2514 848 2560 saxa
870 2497 1096 2579 putandumst:

165 2610 304 2693 undique
327 2611 412 2675 enim
435 2610 568 2675 similem
592 2627 664 2674 esse
686 2610 733 2674 sui
757 2627 809 2674 res
831 2610 971 2693 postulat
993 2611 1084 2694 ipsa.

165 2725 216 2789 his
236 2725 331 2808 igitur
352 2726 452 2790 rebus
472 2725 645 2790 subiunctis
668 2724 908 2808 suppositisque

164 2845 250 2904 terra
271 2858 408 2922 superne
430 2839 536 2903 tremit
557 2837 684 2918 magnis
706 2859 863 2904 concussa
885 2839 1003 2914 ruinis,

86 2975 139 3024 545
167 2954 276 3018 subter
298 2953 353 3018 ubi
373 2953 510 3034 ingentis
533 2954 704 3036 speluncas
727 2953 849 3018 subruit
870 2961 979 3018 aetas:

165 3068 284 3152 quippe
308 3067 426 3132 cadunt
447 3071 504 3132 tcti
527 3073 671 3150 mentes,
687 3087 870 3150 magnoque
894 3078 1024 3153 repente

165 3201 322 3247 concussu
345 3183 410 3247 1555
434 3173 616 3266 disserpunt
639 3184 713 3248 inde
736 3191 910 3250 tremores.

165 3301 198 3360 et
220 3298 351 3379 merite,
369 3300 519 3395 queniam
543 3297 674 3380 plaustri
699 3317 854 3362 55555555
875 3305 1068 3362 tremescunt

164 3417 269 3493 tecta,
286 3410 369 3474 viam
392 3417 623 3493 p1·0pter‚n0n
645 3431 762 3495 magne
786 3411 931 3495 pondere
954 3418 1038 3488 tcta,

87 3545 140 3592 555
165 3544 225 3589 555
247 3527 351 3589 minus
376 3525 537 3609 exultant,
554 3535 585 3590 et
607 3527 662 3592 ubi
685 3525 758 3610 lapi'
783 3542 917 3605 cumque
941 3526 1005 3590 5555

164 3639 301 3704 15555555
325 3641 482 3722 utrimque
505 3648 642 3704 rotarum
668 3639 802 3705 succutit
825 3640 938 3705 orbes.

163 3753 197 3819 frt
220 3774 366 3839 quoque,
384 3755 438 3819 ubi
461 3754 649 3837 iumagaus
672 3764 777 3836 aqllae
800 3759 970 3837 vastasque
995 3757 1127 3822 lucunas

165 4087 216 4133 524
235 4091 382 4148 tempestate
400 4085 452 4134 inte
477 4083 491 4151 Η
516 4087 565 4134 526
585 4084 660 4132 existi
685 4082 698 4153 Η
723 4089 772 4136 527
792 4103 890 4137 sursum
910 4084 923 4155 Η
943 4103 1090 4150 sursumque
1110 4086 1124 4156 Η
1146 4091 1194 4139 531
1216 4091 1285 4140 55555-

164 4171 213 4220 tis.
239 4171 251 4237 Η
276 4175 326 4221 532
346 4172 472 4222 Perfacile
489 4172 510 4220 55
537 4168 550 4238 Η
576 4171 727 4221 5331155555
750 4172 763 4239 Η
790 4177 839 4222 536
859 4181 937 4222 terras
962 4171 976 4241 Η
1000 4178 1049 4225 537
1069 4177 1241 4240 superventis
1267 4177 1280 4243 Η

165 4261 215 4308 533
235 4273 308 4322 rupes
327 4260 432 4323 derupes
459 4256 471 4326 Η
499 4262 547 4308 541
568 4273 750 4309 summersosea
774 4259 787 4329 Η
813 4265 863 4310 542
883 4262 965 4312 simile
984 4279 1036 4312 5555
1055 4264 1078 4311 55
1099 4265 1112 4330 Η
1132 4265 1183 4316 558
1202 4265 1285 4327 plaus-

164 4346 209 4398 tris
229 4345 242 4416 Η
263 4348 313 4395 550
333 4362 358 4394 55
377 4347 469 4410 dnpuis
488 4361 595 4408 cumque
614 4346 682 4394 vim.
