3266 4994
681 375 756 453 1111'

144 583 185 628 00
208 566 359 647 poterunt
381 561 492 627 oculos
514 581 607 626 aures
630 561 883 644 reprehendere,
901 579 944 624 an
964 579 1058 624 aures

144 678 274 743 tactus?
289 698 329 740 00
352 676 436 740 bunc
458 698 553 761 porro
576 681 695 740 tactum
719 695 816 760 sapor
839 680 952 758 arguet
974 676 1058 750 oris,

145 813 185 856 00
210 791 417 856 confutabunt
438 810 532 854 nares
555 790 677 854 oculive
701 790 890 855 revincent?

144 928 229 986 000,
245 912 280 969 01
303 907 435 990 opinor,
451 906 496 969 ita
518 912 585 970 est.
602 925 677 968 nam
700 925 841 970 seorsum
867 904 980 985 cuique
1002 909 1144 987 potestas

64 1045 121 1091 400
147 1022 299 1106 divisast,
317 1042 375 1085 sua
396 1021 446 1085 vis
469 1020 631 1102 cuiquest,
648 1020 783 1101 ideoque
805 1039 938 1084 neeesse
962 1026 1010 1083 est

146 1146 177 1204 et
199 1137 285 1221 quod
306 1137 403 1202 molle
426 1136 466 1201 sit
488 1142 519 1199 et
541 1135 680 1219 gelidum
703 1135 871 1199 fervensve
894 1154 1038 1200 seorsum

147 1260 178 1319 et
200 1272 341 1318 seorsum
365 1249 472 1315 varios
494 1270 598 1314 rerum
623 1249 738 1314 sentire
761 1251 905 1335 cotonea,

148 1374 179 1433 et
202 1386 285 1449 quae
308 1383 442 1447 cumque
465 1364 616 1429 coloribu’
640 1366 703 1429 sint
725 1365 894 1430 coniuncta
915 1365 1042 1429 videre:

147 1503 275 1548 seorsus
297 1482 370 1545 item
395 1497 490 1562 sapor
514 1479 582 1544 oris·
600 1479 697 1543 babet
716 1479 800 1564 vim,
818 1500 944 1544 seorsus
968 1479 1084 1555 odores

65 1620 122 1666 ean
148 1603 342 1671 nascuntur,
358 1613 481 1659 sorsum
504 1594 647 1658 sonitus.
663 1594 800 1674 ideoque
823 1614 954 1660 neeesse
977 1601 1025 1658 ert

149 1733 213 1776 000
235 1710 361 1795 possint
382 1709 465 1773 01100
488 1708 542 1772 0111
567 1709 754 1774 convincere
778 1729 911 1773 sensus.

148 1848 207 1892 nee
229 1847 324 1910 porro
347 1828 496 1908 poterunt
518 1822 577 1906 ipsi
602 1823 835 1906 reprehendere
859 1845 949 1902 sese,

150 1962 254 2024 acqua
276 1939 356 2005 fides
378 1938 527 2022 quoniam
549 1938 679 2003 debebit
701 1959 826 2024 semper
848 1940 979 2005 haberi.

148 2057 285 2141 proinde
310 2055 394 2138 quod
416 2055 449 2118 in
472 2060 632 2135 quoquest
654 2053 704 2118 hir
725 2055 828 2119 visum
852 2061 1016 2138 tempore,
1033 2063 1192 2120 verumst.

68 2195 124 2244 500
150 2179 181 2238 et
204 2173 231 2238 si
254 2192 317 2236 000
340 2171 458 2255 poterit
480 2168 560 2232 ratio
585 2167 760 2236 dissolvere
784 2191 936 2256 oausam,

153 2307 209 2352 cur
231 2307 271 2351 ea
294 2306 377 2368 quac
399 2286 517 2350 suerint
539 2286 648 2350 iuxtim
673 2286 848 2368 quadrata,
866 2286 977 2371 procui
1000 2286 1062 2351 sint

149 2403 219 2467 risa
241 2399 400 2478 rutunda,
417 2406 524 2464 tamen
547 2406 687 2483 praestat
708 2402 842 2464 rationis
865 2410 1011 2484 egentem

148 2517 285 2582 reddere
308 2516 460 2580 mendose
485 2533 598 2580 causas
620 2515 785 2595 utriusque
808 2516 949 2598 figurae,

149 2651 245 2714 quarn
270 2630 416 2694 manibus
439 2627 611 2693 manifesta
634 2629 699 2692 ruis
722 2629 864 2693 emittere
889 2648 1050 2710 quoquam

69 2768 123 2816 000
151 2753 182 2811 01
204 2745 326 2809 violare
348 2743 442 2807 tidem
465 2743 600 2826 primam
624 2747 656 2807 et
678 2743 858 2807 convellere
880 2748 945 2806 tota

149 2859 360 2924 fundamenta
385 2855 499 2937 quibus
521 2856 648 2919 nixatur
667 2857 733 2921 vita
755 2858 927 2939 salusque.

149 2973 225 3039 non'
239 2972 343 3037 modo.
359 2972 441 3037 enim
465 2971 547 3035 ratio
569 2975 642 3035 ruat
664 2971 784 3056 onmis,
801 2973 866 3036 vita
889 2993 1016 3054 quoque
1039 2974 1110 3056 ipsa

153 3087 300 3152 concidat
322 3088 502 3171 extemplo,
519 3085 579 3151 nisi
603 3086 733 3151 eredere
756 3087 902 3152 sensibus
924 3089 1031 3172 ausis,

150 3200 398 3287 praecipitisque
421 3200 510 3265 locos
532 3200 634 3265 vitare
658 3205 689 3264 et
711 3207 817 3265 cetera
840 3222 923 3282 quae
946 3203 1009 3267 sint

75 3337 128 3382 oro
152 3316 187 3378 in
208 3335 325 3399 genere
348 3315 408 3379 boc
429 3315 602 3397 fugienda,
619 3315 711 3394 sequi
733 3317 894 3380 contraria
917 3335 1000 3396 quac
1024 3314 1105 3378 siut.

155 3428 210 3492 1110
230 3429 286 3494 tibi
309 3436 356 3493 est
377 3429 474 3510 igitur
495 3409 665 3493 verborum
689 3429 782 3511 copia
805 3448 896 3492 cassa

157 3544 275 3627 omnir,
293 3563 376 3625 quae
399 3551 508 3608 eontra
531 3562 646 3608 sensus
668 3542 822 3606 instructa
844 3548 1007 3624 paratast.

154 3655 293 3741 denique
315 3657 403 3721 utin
427 3657 572 3735 fabrica,
591 3656 617 3720 si
640 3661 769 3748 pravast
792 3656 901 3739 regula
924 3656 1047 3738 prima,

152 3791 328 3852 normaque
351 3771 379 3836 si
400 3771 503 3834 fallax
525 3770 619 3835 rectis
641 3769 827 3854 regionibus
851 3770 936 3845 exit,

17 3888 20 3894 ’
74 3907 126 3953 aro
153 3892 185 3950 et
205 3885 315 3949 libella
338 3884 449 3966 aliqua
471 3885 498 3948 si
520 3903 559 3949 ex
582 3886 663 3968 parti
686 3885 848 3949 claudicat
869 3883 987 3961 hilum,

157 4188 208 4234 486
227 4185 321 4248 poterit
341 4182 422 4253 11491
442 4185 539 4234 videri.
566 4181 579 4252 11
604 4186 655 4233 493
673 4191 812 4233 necessest.
839 4181 852 4250 11
876 4189 926 4236 405
946 4186 1088 4235 Nascantur
1112 4182 1125 4249 11
1151 4186 1201 4231 496
1220 4200 1278 4248 pos-

156 4279 215 4320 sunt
235 4269 248 4336 11
269 4271 319 4320 498
333 4273 423 4335 Aeque
444 4270 456 4341 11
477 4275 528 4322 500
541 4271 635 4334 poteris
655 4267 667 4336 11
689 4273 737 4320 501
757 4271 842 4320 iustim
855 4273 1003 4334 quadratam
1024 4269 1037 4338 11
1057 4273 1107 4320 502
1121 4263 1247 4333 egentirn.
1264 4269 1277 4335 11

153 4360 210 4407 014
229 4359 277 4407 sibi

980 4453 1076 4522 ,9ss
