3236 5020
336 403 380 468 44
882 397 912 462 11

335 568 522 635 consociare
544 569 638 634 etiam
661 573 764 632 motus
786 572 918 652 potuere
941 573 1091 652 recepta.

337 683 447 768 cuius,
471 684 517 748 uti
539 704 701 760 memoro,
725 682 771 748 rei
794 681 999 748 simulacrum
1022 687 1054 747 et
1075 683 1183 766 imago

338 801 414 861 ante
437 797 547 863 oculos
569 816 694 880 semper
716 797 810 862 nobis
831 801 978 862 versatur
1000 802 1031 862 et
1050 797 1168 862 irrotat.

338 911 571 995 contemplator
593 912 697 994 enim,
722 931 792 975 cum
815 909 894 975 solis
916 910 1039 976 lumina
1060 931 1195 994 cumque

264 1043 312 1090 115
338 1023 447 1090 inserti
470 1024 606 1091 fundunt
628 1025 710 1090 radii
733 1040 919 1109 peropaca
942 1023 1127 1090 domorum:

337 1139 439 1204 multa
460 1140 583 1204 minuta
606 1139 710 1206 modis
732 1139 840 1204 multis
862 1139 1037 1223 perinane
1059 1139 1184 1206 videbis

339 1273 475 1337 corpora
496 1254 644 1336 misceri,
668 1253 831 1317 radiorum
853 1253 972 1318 lumine
994 1253 1028 1317 in
1049 1253 1141 1338 ipso,

340 1373 371 1432 et
392 1369 445 1434 vel
467 1376 502 1432 ut
523 1375 654 1434 aeterno
679 1367 851 1432 certamine
874 1366 998 1450 proelia
1020 1387 1148 1450 pugnas

340 1481 437 1548 edere
458 1483 619 1548 turmatim
643 1483 798 1547 certantia
819 1501 880 1546 nec
902 1481 981 1546 dare
1006 1501 1164 1566 pausam,

265 1617 313 1664 120
338 1597 479 1662 conciliis
503 1603 535 1662 et
556 1596 698 1662 discidiis
721 1598 863 1661 exercita
886 1597 1026 1678 crebris3

338 1712 486 1776 conicere
509 1718 543 1774 ut
563 1711 670 1795 possis
693 1732 733 1776 ex
755 1710 836 1794 hoc,
860 1710 1037 1794 primordia
1058 1729 1163 1774 rerum

339 1825 434 1907 quale
457 1825 498 1890 sit
519 1826 552 1889 in
573 1846 690 1909 magno
713 1823 827 1890 iactari
851 1843 977 1908 semper
999 1824 1107 1888 inani.

339 1939 415 2003 dum
437 1945 547 2023 taxat,
571 1959 676 2004 rerum
699 1959 891 2021 magnarum
913 1958 1016 2021 parva
1039 1943 1144 2022 potest
1165 1958 1217 2004 res

339 2052 525 2136 exemplare
548 2052 626 2118 dare
649 2061 680 2118 et
702 2053 838 2134 vestigia
857 2052 1001 2116 notitiai.

265 2187 313 2234 125
338 2167 399 2231 hoc
421 2168 517 2232 etiam
541 2169 645 2251 magis
668 2169 748 2232 haec
771 2165 910 2230 animum
933 2171 964 2230 te
988 2166 1154 2233 advertere
1180 2188 1240 2251 par
1262 2153 1326 2232 est

339 2303 475 2365 corpora
498 2301 581 2362 quac
602 2283 637 2345 in
660 2282 738 2346 solis
762 2281 864 2371 radiis,
882 2281 1010 2347 turbare
1032 2281 1199 2365 violentur,

340 2396 425 2477 quod
447 2397 530 2460 tales
552 2396 666 2460 turbae
688 2401 793 2460 motus
817 2415 943 2477 quoque
965 2397 1118 2460 materiai*

340 2511 522 2592 significant
545 2510 760 2574 clandestinos
782 2528 960 2590 caecosque
985 2511 1160 2601 subesse..

339 2626 440 2690 multa
460 2625 582 2690 videbis
604 2625 688 2690 enim
711 2625 817 2708 plagis
839 2624 882 2688 ibi
906 2625 1028 2707 percita
1052 2624 1158 2690 caecis

266 2761 314 2806 130
339 2745 534 2805 commutare
556 2740 640 2804 viam
664 2744 811 2820 retroque
835 2740 964 2822 repulsa
986 2738 1121 2815 reverti,

340 2874 424 2918 nunc
447 2855 508 2918 huc
531 2875 614 2918 nunc
637 2853 730 2935 illuc,
756 2853 789 2915 in
811 2859 939 2917 cunctas
962 2852 1104 2934 undique
1126 2853 1247 2936 partis.

342 2970 481 3046 scilicet,
504 2969 557 3033 hic
579 2990 600 3032 a
621 2967 784 3062 principiis
807 2973 856 3032 est
878 2967 1026 3033 omnibus
1049 2988 1155 3032 error.
1189 2971 1195 2980 ”

340 3085 444 3168 prima
466 3090 634 3148 moventur
656 3082 740 3146 euim
763 3101 820 3166 per
843 3103 878 3147 se
900 3082 1077 3165 primordia
1098 3103 1226 3148 rerum:

248 3205 250 3214 ’
341 3199 415 3263 inde
439 3217 479 3262 ea
502 3216 584 3277 quae
608 3218 706 3281 parvo
729 3203 803 3262 sunt
825 3217 961 3280 corpora
988 3197 1158 3262 conciliatu

267 3335 315 3381 135
326 3319 374 3378 *et
396 3311 487 3392 quasi
509 3313 655 3396 proxima
678 3319 752 3376 sunt
774 3311 816 3375 ad
839 3310 917 3375 viris
937 3311 1183 3396 principiorum,

341 3426 455 3491 ictibus
477 3426 605 3524 illorum
628 3425 734 3491 caecis
755 3425 885 3509 inpulsa
908 3426 1049 3504 cientur,

340 3543 475 3625 ipsaque
498 3533 653 3625 proporro
675 3540 773 3624 paulo
800 3539 925 3604 maiora
946 3540 1129 3606 lacessunt.

342 3656 388 3720 sic
410 3676 430 3719 a
451 3654 617 3738 principiis
639 3653 784 3719 ascendit
806 3660 910 3717 motus
937 3658 969 3718 et
991 3653 1058 3716 exit

340 3768 495 3852 paulatim
518 3775 644 3833 nostros
667 3767 709 3830 ad
732 3785 865 3844 sensus,
889 3771 924 3829 ut
945 3772 1135 3831 moveantur·

269 3906 317 3953 140
343 3884 401 3947 illa
425 3901 571 3966 quoque,
595 3881 729 3946 insulis
752 3899 836 3962 quae
858 3881 978 3945 lumine
1001 3901 1129 3948 cernere
1152 3884 1279 3965 quimus

341 4018 403 4064 nec
426 3997 541 4080 quibus
563 3996 595 4098 111
618 3995 741 4060 faciant
761 3994 868 4079 plagis
891 4001 1027 4079 apparet
1048 4002 1178 4081 aperte.

384 4114 477 4175 Nunc
500 4129 583 4192 quae
606 4109 766 4174 mobilitas
789 4109 829 4173 sit
852 4109 976 4176 reddita
998 4112 1144 4177 materiai

348 4361 396 4408 112
417 4372 543 4407 memoror
563 4353 575 4425 Η
596 4358 730 4408 simulacra
749 4354 762 4426 Η
786 4359 835 4409 134
854 4361 1007 4411 conciliata.
1029 4357 1042 4427 ll
1064 4362 1112 4409 136
1132 4359 1249 4423 gientur.
1271 4357 1284 4428 Η
1306 4361 1354 4408 137
1371 4375 1448 4424 porro
