3240 5010
353 389 417 454 214
894 381 937 448 VI

353 563 521 641 praeterea
542 574 702 640 persaepe
724 555 816 638 niger
838 575 964 638 quoque
986 574 1045 640 per
1067 575 1156 620 mare
1179 555 1326 642 nimbus,

354 677 388 735 ut
408 670 490 754 picis
512 691 529 735 e
552 671 640 735 eaelo
664 670 836 734 demissum
859 669 997 752 flumen,
1013 670 1046 733 in
1070 670 1175 736 undas

355 785 403 850 sic
425 783 510 848 cadit
532 783 659 849 effertus
682 783 822 848 tenebris
844 784 957 867 procul
981 789 1012 848 et
1034 784 1129 847 trahit
1151 791 1252 848 atram

354 898 539 963 fulminibus
561 897 724 978 gravidam
747 903 969 980 tempestatem
993 905 1089 978 atquc
1112 898 1280 981 procellis,

279 1037 330 1083 aec
354 1012 482 1098 ignibus
507 1031 546 1076 ac
568 1011 672 1075 ventis
695 1031 765 1075 cnm
789 1011 898 1094 primis
920 1011 990 1093 ipse
1012 1013 1174 1095 repletus,

352 1129 387 1192 in
410 1134 495 1190 terra
519 1143 643 1207 quoque
665 1131 701 1188 ut
723 1125 909 1190 horrescant
931 1146 970 1189 ac
993 1132 1075 1190 tecta
1098 1127 1282 1208 requirant.

355 1243 400 1308 sic
422 1241 519 1321 igitur
541 1259 660 1324 supera
683 1245 825 1302 nostrum
848 1247 944 1324 caput
967 1259 1038 1305 esse
1061 1239 1270 1324 putandumst

354 1361 579 1440 tempestatem
601 1355 717 1418 altam.
736 1374 839 1436 neque
862 1355 945 1418 enim
969 1354 1107 1434 caligine
1129 1360 1219 1419 tanta

356 1472 527 1536 obruerent
548 1474 672 1546 terras,
690 1469 750 1532 nisi
773 1469 980 1533 inaedificata
1003 1489 1142 1554 superne

281 1608 330 1654 265
356 1586 454 1649 multa
477 1584 582 1648 forent
606 1583 713 1647 multis
736 1590 882 1666 exempto
906 1585 1016 1648 nubila
1039 1585 1130 1650 sole:

356 1720 415 1765 nec
437 1704 526 1762 tauto
551 1703 680 1780 possent
703 1698 869 1762 venientes
892 1699 1071 1782 opprimere
1094 1699 1206 1780 imbri,

354 1813 485 1877 flumina
508 1812 674 1875 abundare
698 1818 731 1875 nt
753 1811 898 1876 facerent
921 1833 1116 1896 camposque
1140 1819 1274 1896 natare,

357 1927 383 1990 si
406 1945 471 1990 non
494 1925 644 1990 extructis
667 1924 749 1989 foret
772 1925 835 1988 alte
859 1927 996 1990 nubibus
1021 1926 1151 1990 aether.

355 2039 406 2104 hic
428 2039 523 2120 igitur
545 2039 648 2103 ventis
671 2047 768 2120 atque
790 2040 918 2120 ignibus
942 2039 1049 2104 omnia
1072 2041 1168 2122 plena

281 2175 331 2220 aro
357 2161 449 2218 sunt:
466 2152 539 2218 ideo
562 2155 683 2236 passim
705 2153 847 2218 fremitus
872 2161 902 2218 et
925 2154 1052 2238 fulgura
1073 2154 1173 2219 fiunt.

357 2269 475 2351 quippe
499 2267 614 2332 etenim
638 2288 737 2353 supra
760 2269 853 2333 docui
876 2271 1032 2352 permulta
1055 2272 1183 2353 vaporis

357 2383 481 2447 semina
501 2382 622 2447 babere
646 2403 745 2447 cavas
766 2385 888 2461 nubes,
906 2392 936 2446 et
957 2385 1057 2448 multa
1079 2392 1243 2455 necessest

357 2497 524 2579 concipere
547 2515 588 2561 ex
611 2497 688 2561 solis
713 2496 811 2562 radiis
834 2498 1014 2579 ardoreque
1038 2519 1168 2563 eorum.

356 2611 416 2674 boc
438 2612 492 2675 ubi
514 2618 627 2676 ventus
650 2631 706 2676 eas
728 2612 815 2676 idem
838 2614 892 2695 qui
916 2614 1000 2697 cogit
1021 2613 1054 2674 in
1076 2633 1172 2678 unum

280 2746 331 2794 225
356 2726 438 2790 forte
460 2726 566 2790 locum
590 2728 754 2808 quemvis,
772 2729 930 2810 expressit
954 2729 1052 2792 multa
1073 2719 1204 2813 vaporis

356 2842 480 2905 semina
503 2859 600 2922 seque
623 2841 716 2905 simul
741 2861 812 2906 cum
835 2863 873 2906 eo
898 2844 1096 2908 commiscuit
1116 2844 1205 2927 igni,

355 2954 533 3020 insinuatus
555 2955 600 3019 ibi
623 2962 734 3020 vortex
756 2963 901 3020 versatur
922 2960 955 3021 in
978 2965 1048 3022 arto

356 3074 387 3133 at
410 3069 522 3133 calidis
545 3070 630 3134 acuit
651 3069 771 3134 firlmen
792 3071 975 3136 fornacibus
997 3073 1102 3136 intus:

356 3203 429 3246 nam
453 3183 574 3265 duplici
596 3183 721 3247 ratione
745 3183 947 3262 accenditur,
964 3186 1033 3268 ipse
1057 3205 1117 3249 sua
1140 3205 1209 3250 cum

281 3317 332 3364 aso
356 3297 533 3362 mobilitate
557 3299 705 3383 calescit,
723 3305 754 3363 et
775 3319 794 3364 e
816 3299 1007 3383 contagibus
1028 3300 1132 3384 ignis.

354 3411 430 3476 inde
453 3414 507 3477 ubi
531 3413 685 3496 percaluit
708 3415 861 3498 gravida,
878 3419 935 3478 aut
955 3415 1004 3479 vis
1027 3414 1110 3497 ignis
1133 3419 1164 3478 et
1186 3434 1262 3478 acer

355 3526 493 3610 impetus
515 3527 665 3612 incessit,
682 3535 842 3593 maturum
864 3535 929 3593 tum
954 3530 1047 3612 quasi
1069 3528 1188 3592 fulmen

356 3641 531 3724 perscindit
552 3643 655 3708 subito
679 3644 818 3727 nubem,
835 3643 1000 3724 ferturque
1023 3643 1162 3707 coruscis

356 3755 465 3818 omnia
488 3756 660 3822 luminibus
682 3758 820 3822 lustrans
843 3758 916 3822 loca
938 3757 1077 3842 percitus
1098 3758 1216 3821 ardor.

284 3885 335 3934 285
361 3887 456 3949 quem
477 3871 582 3952 gravis
604 3870 785 3953 insequitur
807 3872 947 3950 sonitus,
964 3871 1108 3956 displosa
1128 3878 1259 3956 repente

355 4051 555 4060 ,ἦ-

359 4169 408 4218 252
429 4170 560 4220 dimissum
579 4173 674 4222 fulmen
694 4169 707 4238 Η
729 4173 779 4222 258
799 4181 823 4221 et
842 4173 919 4222 fertus
940 4172 951 4238 Η
973 4176 1023 4223 269
1042 4175 1135 4238 plana.
1156 4171 1169 4243 Η
1190 4177 1240 4224 272
1259 4175 1383 4228 haecdere
1403 4177 1416 4245 Η
1437 4197 1481 4232 ne·

357 4265 451 4306 cesset.
473 4254 485 4323 Η
506 4261 555 4307 act
576 4260 645 4309 alto.
666 4258 679 4326 Η
700 4261 749 4308 281
769 4261 854 4324 gravis
872 4260 939 4311 venti
958 4262 995 4310 vis
1013 4263 1085 4328 igni.
1107 4263 1119 4330 Η
1140 4271 1164 4312 et
1182 4277 1240 4313 acer
1259 4265 1371 4315 omissa.
1393 4265 1407 4335 Η
1428 4271 1479 4318 285

357 4344 470 4408 repenati
481 4380 486 4392 .
