3240 5010
899 352 924 414 V

348 531 509 589 menstrua
533 523 606 587 dum
630 520 750 604 rigidas
774 521 847 586 coni
869 523 1044 606 perlabitur
1066 525 1218 606 umbras3

275 659 324 706 765
350 646 490 719 tempore
512 635 624 700 eodem
648 635 726 699 aliut
747 642 886 717 nequeat
908 655 1090 702 succurrere
1116 638 1213 703 lunae

351 772 465 835 corpus
487 748 538 814 vel
561 769 656 829 supra
679 748 757 814 solis
779 748 943 832 perlabier
967 750 1096 834 orbem,

350 862 437 946 quod
459 862 566 926 radios
587 861 670 926 inter
692 868 817 945 rumpat
837 861 1008 943 lumenque
1032 864 1228 946 profusum?

353 983 512 1042 ettamen
535 977 606 1060 ipsa
633 995 690 1040 suo
714 977 740 1040 si
764 974 859 1056 fulgit
882 974 958 1054 luna
982 976 1102 1050 nitore,

352 1113 406 1156 cur
428 1095 565 1171 nequeat
587 1096 672 1153 certa
695 1089 805 1152 mundi
828 1090 1036 1170 languescere
1060 1098 1171 1174 parte,

278 1228 327 1273 770
352 1206 425 1268 durn
450 1203 521 1267 loca
544 1202 716 1266 luminibus
738 1203 876 1285 propriis
899 1203 1028 1268 inimica
1052 1225 1108 1287 per
1130 1205 1244 1298 enit?³

211 1333 214 1339 “
279 1339 327 1385 772
395 1316 488 1393 Quod
511 1336 607 1400 super
630 1321 697 1397 est,
714 1315 867 1395 quoniam
892 1318 1000 1400 magui
1022 1339 1081 1401 per
1103 1319 1231 1383 caerula
1254 1320 1363 1384 mundi

352 1450 416 1513 qua
438 1429 506 1494 fieri
530 1427 678 1510 quicquid
701 1435 812 1513 posset
834 1431 956 1495 ratione
981 1434 1119 1510 resolvi,

352 1544 430 1609 solis
453 1543 499 1605 uti
522 1543 629 1608 varios
652 1563 764 1608 cursus
788 1543 948 1626 lunaeque
971 1555 1097 1612 meatus

243 1725 253 1744 ,
279 1678 328 1725 775
353 1677 486 1722 noscere
509 1677 677 1741 possemus
700 1678 781 1737 quae
804 1660 852 1723 vis
876 1666 908 1723 et
931 1681 1027 1726 causa
1050 1662 1166 1746 cieret,

355 1790 459 1852 quove
482 1771 577 1834 modo
600 1777 732 1854 possent
754 1773 869 1836 offecto
893 1775 1012 1840 lumine
1035 1776 1123 1840 obire

354 1893 387 1951 et
408 1904 512 1967 neque
535 1885 696 1968 opinantis
718 1887 861 1951 tenebris
882 1888 1041 1954 obducere
1064 1896 1187 1974 terras,

355 2021 426 2066 oum
450 2000 541 2080 quasi
565 2000 713 2065 conivent
735 2007 775 2064 et·
789 1979 900 2084 aperto
924 2002 1043 2068 lumine
1068 2022 1191 2068 rursum

355 2115 462 2182 omnia
485 2116 651 2181 convisunt
673 2117 761 2181 clara
784 2118 857 2182 loca
879 2116 1018 2180 candida
1040 2118 1130 2201 luce,

282 2255 330 2302 780
356 2252 440 2296 nune
461 2231 557 2296 redeo
581 2233 622 2295 ad
647 2231 756 2295 mundi
780 2232 952 2296 novitatem
977 2237 1008 2295 et
1028 2233 1138 2324 mollia
1160 2240 1264 2299 terrae

354 2368 450 2428 arva,
468 2367 550 2411 novo
574 2345 640 2409 fetu
665 2344 741 2426 quid
764 2345 898 2429 prirnuur
922 2346 955 2410 in
978 2346 1106 2411 luminis
1130 2368 1204 2412 oras

354 2462 465 2528 tollere
489 2467 519 2524 et
541 2459 669 2524 incertis
693 2461 808 2524 crerint
831 2461 1027 2525 cornurittere
1050 2462 1175 2526 ventis.

392 2575 553 2660 Principio
577 2594 679 2656 genus
701 2574 870 2639 herbarum
894 2575 1092 2656 viridemque
1114 2577 1248 2641 nitorem

355 2699 442 2756 terra
465 2689 552 2753 dedit
575 2689 693 2753 circurn
716 2689 807 2753 collis
831 2679 1025 2773 camposque
1049 2710 1106 2773 per
1128 2692 1253 2766 ornnis,

281 2829 330 2874 785
354 2804 469 2871 florida
491 2803 646 2868 fulserunt
667 2804 819 2867 viridanti
841 2811 934 2885 prata
957 2804 1084 2888 colore,

355 2919 587 3000 arboribusque
610 2918 866 2982 datumst'variis
890 2919 1005 2984 exinde
1028 2939 1085 3003 per
1108 2940 1205 2986 auras

354 3033 519 3099 crescendi
543 3052 693 3112 magnum
716 3032 857 3098 inmissis
879 3041 1040 3098 certamen
1064 3035 1217 3100 habenis.

356 3154 389 3211 ut
411 3146 521 3231 pluma
543 3152 638 3226 atque
661 3146 719 3230 pili
741 3148 874 3230 primum
898 3154 1071 3229 saetaeque
1094 3129 1252 3213 creantur

356 3260 589 3344 quadripedum
613 3261 763 3327 membris
781 3265 818 3327 'et
840 3283 973 3347 corpore
997 3263 1277 3346 pennipotentum,

281 3399 330 3444 790
357 3377 402 3442 sic
425 3395 508 3440 nova
530 3383 596 3440 trun
619 3377 713 3441 tellus
735 3376 852 3442 herbas
874 3377 1074 3458 virgultaque
1096 3379 1231 3460 primurn

354 3491 498 3574 sustulit,
515 3492 589 3556 inde
613 3493 674 3557 loci
698 3493 845 3556 mortalia
869 3493 976 3556 saecla
999 3493 1117 3557 creavit

356 3606 453 3668 multa
475 3606 578 3670 modis
601 3606 708 3671 multis
730 3606 821 3670 varia
843 3607 965 3696 ratione
988 3614 1116 3672 coorta.

355 3740 431 3783 narn
453 3739 557 3801 neque
580 3721 620 3785 de
642 3722 733 3786 caelo
757 3722 911 3788 cecidisse
934 3721 1087 3786 animalia
1110 3729 1263 3807 possunt,

355 3852 416 3898 nec
438 3836 599 3900 terrestria
622 3836 663 3899 de
686 3835 780 3899 salsis
803 3834 908 3899 exisse
931 3835 1073 3899 lacunis:

283 3965 331 4012 795
356 3945 506 4029 linquitur
529 3955 562 4012 ut
584 3948 698 4012 merito
721 3953 897 4011 maternum
920 3969 1037 4013 nornen
1060 3948 1178 4034 adepta

360 4227 409 4272 764
428 4223 567 4287 perlabitur
587 4220 600 4289 ll
621 4227 671 4272 768
690 4225 770 4288 fulget
791 4222 804 4292 tl
827 4229 990 4275 711=764.
1012 4223 1024 4293 fil
1048 4232 1095 4277 776
1116 4239 1217 4292 possent
1232 4231 1372 4282 omissum.
1393 4229 1407 4300 li
1429 4236 1478 4285 782

360 4311 473 4361 Tolleret
494 4308 506 4378 ΙΙ
527 4311 632 4361 creduut
652 4309 665 4382 Η
688 4315 736 4361 vet
756 4329 908 4378 carupusque
930 4311 941 4381 ll
965 4318 1013 4365 760
1032 4315 1188 4381 vilgultnque
