3236 5020
691 359 705 420 1

133 557 207 598 narn
230 533 354 616 quidvis
377 533 469 596 citius
491 529 623 594 dissolvi
646 549 743 612 posse
766 528 910 620 videmus

133 669 229 730 quam
252 667 360 712 rursus
382 645 490 722 refici3
514 663 577 725 qua
598 648 730 727 propter
751 642 850 726 ionga
873 642 935 706 diei

131 762 257 826 infinita
281 767 371 826 aetas
394 766 467 824 ante
490 759 553 823 acti
577 757 729 840 temporis
751 756 852 848 omnis

133 876 219 958 quod
242 875 394 957 fregisset
417 873 520 938 adbuc
542 871 723 936 disturbans
747 869 1012 952 dissolucnsque‚

49 1013 105 1058 555
133 1011 306 1071 numquam
330 989 448 1054 relicuo
471 986 612 1071 reparari
636 992 776 1068 tempore
799 990 930 1069 posset.

133 1109 168 1167 at
191 1123 292 1186 nunc,
316 1103 347 1166 ni
370 1102 502 1184 mirum,
527 1099 698 1182 frangendi
720 1098 846 1164 reddita
869 1099 941 1163 finis

133 1224 221 1282 certa
243 1222 369 1296 manet,
395 1217 544 1297 quoniam
567 1214 655 1280 refici
679 1233 745 1277 rem
769 1232 927 1296 quamque
951 1214 1095 1280 videmus

134 1336 166 1394 et
188 1331 277 1394 finita
300 1330 393 1395 simui
415 1332 595 1411 generatim
618 1334 764 1412 tempora
788 1329 881 1392 rebus

132 1454 239 1531 stare,
264 1446 378 1527 quibus
399 1443 525 1527 possint
547 1443 618 1506 aevi
642 1443 829 1523 contingere
850 1443 982 1508 florem.

55 1585 106 1630 555
133 1563 196 1626 huc
218 1557 429 1632 accantati,
453 1555 652 1620 solidissima
673 1554 821 1618 materiai

136 1693 366 1772 corporacum
390 1676 555 1745 constant,
579 1669 704 1752 possint
725 1674 831 1734 tamen
854 1671 961 1734 omnia
982 1671 1072 1734 reddi

135 1788 245 1853 mollia
269 1785 469 1868 quaedum,
494 1791 568 1860 a‘e‘r,
592 1804 697 1864 aqua,
722 1789 825 1861 terra,
848 1801 1004 1868 vapores,

55 1924 107 1970 555
135 1901 310 1964 admixtum
334 1899 483 1980 quoniam
507 1899 602 1962 semei
628 1897 729 1961 estin
754 1899 847 1963 rebus
869 1898 990 1963 inane:

135 2021 170 2080 at
192 2021 300 2080 contra
323 2014 349 2077 si
372 2012 482 2076 mollia
505 2012 568 2076 sint
589 2011 763 2096 primordia
786 2033 909 2088 rerum,

132 2129 216 2194 unde
239 2132 358 2210 queant
378 2125 478 2191 validi
502 2127 608 2191 silices
630 2127 810 2208 ferrumque
833 2119 935 2191 creari

133 2265 197 2309 non
220 2243 337 2327 poterit
358 2241 438 2306 ratio
461 2241 573 2306 reddi:
597 2261 672 2305 narn
695 2241 836 2306 funditus
861 2243 964 2308 omnis

133 2357 290 2444 principio
311 2356 508 2421 fundamenti
530 2363 642 2420 natura
665 2356 805 2421 carebit.

132 2480 204 2538 sunt
226 2473 322 2555 igitur
343 2472 447 2536 solida
469 2472 625 2555 pollentia
648 2471 871 2554 simplicitate,

56 2610 108 2656 575
134 2608 267 2670 quorum
292 2586 454 2651 condenso
479 2586 580 2668 magis
604 2585 712 2647 omnia
735 2583 904 2648 conciliatu

133 2701 232 2766 artari
253 2706 390 2785 possunt
411 2698 601 2778 validasque
625 2695 793 2762 ostendere
816 2695 913 2760 viris.

175 2819 274 2882 Porro
297 2815 323 2878 si
346 2814 466 2878 nullast
487 2811 673 2893 frangendis
695 2811 821 2877 reddita
842 2810 914 2876 finis

65 2933 68 2938 “
134 2931 339 3014 corporibus,
364 2934 471 2993 tamen
496 2948 535 2991 ex
558 2934 688 2993 aeterno
711 2934 854 3012 tempore
878 2927 1034 3010 quaedam

133 3024 217 3110 nnnc
240 3045 336 3110 etiam
361 3063 513 3128 superare
537 3050 700 3109 necessest
723 3064 858 3127 corpora
881 3045 995 3118 rebus,

60 3185 110 3230 555
135 3179 217 3242 quae
240 3179 304 3223 non
327 3158 401 3222 dum
425 3159 552 3222 clueant
573 3159 639 3224 ullo
662 3165 817 3242 temptata
839 3158 981 3241 periclo:

135 3281 169 3339 at
192 3253 339 3356 quoniam
364 3274 471 3359 fragili
496 3280 612 3338 natura
635 3273 781 3358 praedita
804 3278 971 3355 constant,

135 3390 297 3472 discrepat
319 3396 482 3455 aeternum
506 3396 630 3472 tempus
654 3388 796 3472 potuisse
822 3409 951 3453 manere

136 3504 417 3570 innumerabilibus
440 3506 548 3588 plagis
570 3509 687 3568 vexata
711 3522 768 3586 per
791 3522 926 3566 aevom.

136 3619 274 3700 denique
296 3619 359 3680 iam
383 3621 531 3699 quoniam
556 3619 731 3700 generatim
754 3616 882 3681 reddita
904 3617 975 3682 finis
1055 3619 1059 3626 ’

65 3757 112 3802 555
138 3733 301 3799 crescendi
323 3733 419 3796 rebus
442 3740 565 3798 constat
587 3733 748 3816 vitamque
770 3733 921 3818 tenendi,

66 3870 113 3918 555
138 3869 200 3931 quo
224 3853 317 3932 pacto
341 3846 419 3909 fiant
441 3853 472 3910 et
494 3867 559 3928 quo
581 3849 610 3913 vi
635 3867 783 3931 quaeque
806 3853 977 3934 gerantur,

65 3984 112 4032 555
137 3969 168 4030 et
192 3962 268 4046 quid
292 3980 438 4044 quaeque
463 3968 580 4043 queant
601 3981 657 4047 per
680 3964 810 4030 foedera
832 3959 979 4041 naturai,

138 4233 188 4281 bon
208 4231 281 4280 refice
304 4227 316 4296 Η
338 4231 440 4279 demus.
463 4225 475 4295 Η
497 4229 546 4278 569
566 4228 767 4294 Admixtumque
788 4229 800 4304 Η
822 4235 872 4284 578
886 4248 1016 4301 quaeque.
1038 4229 1051 4302 Η
1072 4231 1123 4284 580
1136 4229 1235 4285 civeaut
1248 4228 1261 4302 Η

140 4320 191 4372 584
210 4319 343 4386 generatin
362 4314 376 4388 Η
398 4319 447 4369 585
462 4315 608 4372 Crescendis
