3240 5010
340 387 399 450 192
882 379 910 443 V

335 558 366 617 et
390 571 458 614 curn
482 549 598 613 deserti
622 548 802 612 baubantur
824 549 856 612 in
879 548 1032 624 aedibus,
1051 554 1106 614 aut
1128 569 1198 614 0001

335 664 490 750 plorantis
513 661 638 745 fugiunt
660 664 828 728 summisso
852 683 985 747 corpore
1008 664 1144 748 plagas.

334 779 472 861 denique
495 798 560 844 000
582 776 720 842 hinnitus
741 778 818 842 11001
842 777 969 842 differre
991 778 1138 856 videtur,

332 893 414 957 inter
437 912 538 974 equas
560 892 614 956 ubi
637 909 738 974 equus
759 891 885 956 florenti
908 897 1012 958 aetate
1035 893 1189 958 iuvencus

250 1026 316 1074 1010
333 1007 489 1091 pinnigeri
512 1006 615 1072 saevit
637 1005 817 1070 calcaribus
840 1005 921 1070 ictus
945 1006 1084 1089 amoris,

334 1128 366 1186 et
390 1107 689 1204 fremitum'patulis
711 1121 764 1184 nbi
789 1120 919 1185 naribus
943 1119 1010 1186 edit
1039 1119 1214 1203 adama,

334 1243 366 1302 et
389 1256 458 1300 cum
483 1236 529 1300 sio
552 1234 635 1299 alias
658 1235 821 1300 concussis
843 1235 965 1300 artibus
988 1235 1140 1316 hinnit?¹

332 1356 493 1434 postremo
516 1368 618 1430 genus
640 1348 772 1413 alituum
793 1349 967 1430 variaeque
990 1350 1155 1430 volucres,

333 1463 502 1546 accipitres
524 1469 621 1545 atque
643 1462 824 1547 ossifragae
848 1463 1016 1545 mergique
1037 1461 1170 1528 marinis

251 1600 318 1646 1000
334 1578 480 1642 fluctibus
503 1579 535 1641 in
559 1578 644 1642 salso
667 1578 783 1642 victum
806 1577 969 1659 vitamque
992 1582 1159 1660 petentes,

334 1693 431 1772 longe
454 1691 536 1756 alias
558 1693 622 1757 alio
646 1691 766 1758 iaciunt
789 1693 820 1755 in
844 1698 989 1775 ternpore
1012 1711 1129 1774 voces,

335 1812 366 1872 01
389 1827 483 1887 quom
506 1808 546 1870 de
568 1806 652 1871 victu
675 1812 798 1871 certant
819 1805 1027 1890 praedaeque
1048 1811 1251 1891 repugnant:

335 1928 366 1986 01
388 1919 501 2004 partim
525 1926 645 1985 mutant
668 1941 738 1985 curn
760 1919 1003 2003 tempestatibus
1025 1939 1090 1984 una

334 2034 520 2099 raucisonos
544 2040 673 2116 cantus,
690 2033 853 2098 cornicum
875 2039 910 2096 01
932 2034 1041 2099 saecla
1063 2040 1188 2099 vetusta

255 2170 320 2216 roso
336 2157 564 2230 corvorumque
586 2167 701 2230 greges
723 2147 778 2211 ubi
801 2167 918 2228 aquam
942 2133 1089 2212 dicuntur
1112 2153 1143 2211 et
1166 2147 1277 2212 imbris

337 2281 470 2348 poscere
494 2268 525 2326 et
547 2261 629 2324 inter
651 2261 727 2323 dum
749 2267 861 2325 ventos
883 2281 1042 2345 aurasque
1065 2281 1202 2328 vocare.

336 2397 413 2457 ergo
438 2377 463 2441 si
487 2374 566 2439 varii
589 2393 704 2439 sensus
727 2375 881 2440 animalia
903 2383 1039 2460 cogunt,

336 2498 423 2556 muta
445 2496 554 2554 tamen
577 2509 647 2553 curn
670 2489 753 2580 sint,
769 2491 876 2556 000100
899 2491 1044 2556 emittere
1067 2512 1182 2576 voces,

337 2611 456 2688 quanto
479 2603 623 2667 mortalis
645 2606 750 2685 magis
773 2611 916 2672 aecumst
938 2613 1004 2670 tum
1026 2607 1169 2691 potuisse

254 2741 320 2787 1000
338 2717 501 2784 dissimilis
524 2716 589 2782 alia
611 2725 705 2799 atque
728 2720 793 2783 alia
815 2739 866 2785 res
887 2740 966 2786 voce
988 2721 1119 2785 notare!

378 2833 475 2920 [Illud
497 2834 529 2897 in
553 2833 602 2897 bis
622 2834 717 2899 rebus
739 2835 853 2898 tacitus
876 2855 916 2900 00
938 2835 1021 2901 forte
1043 2835 1212 2920 requiras,

338 2946 457 3038 fulmen
481 2948 592 3010 detulit
613 2948 646 3009 in
669 2953 785 3012 terram
807 2950 996 3016 mortalibus
1018 2951 1125 3031 ignem

335 3059 500 3144 primitus,
517 3061 592 3124 inde
615 3060 717 3124 omnis
739 3060 936 3125 flammarum
959 3062 1076 3126 diditur·
1098 3063 1213 3126 ardor:

339 3174 438 3238 multa
461 3173 605 3239 videmus
628 3174 712 3238 enim
736 3175 927 3240 caelestibus
949 3175 1041 3239 inlita
1062 3176 1197 3240 flammis

255 3309 321 3356 roeo
339 3288 483 3371 fulgere,
500 3309 570 3352 cum
592 3288 672 3354 caeli
696 3288 829 3355 donavit
850 3291 947 3372 plaga
970 3309 1110 3373 vapore.

339 3408 370 3468 01
392 3419 520 3468 ramosa
543 3410 649 3469 tamen
674 3422 745 3467 cum
768 3403 870 3467 ventis
892 3405 985 3488 pulsa
1008 3405 1165 3470 vacillans

337 3524 463 3582 aestuat
485 3518 517 3579 in
542 3536 649 3582 ramos
671 3497 858 3582 incumbens
881 3519 1004 3585 arboris
1026 3520 1141 3602 arbor,

339 3631 526 3714 exprimitur
547 3631 663 3696 validis
686 3632 819 3696 extritus
842 3634 961 3699 viribus
984 3635 1068 3716 ignis

338 3752 370 3809 et
392 3745 486 3809 micat
508 3746 589 3809 inter
612 3745 685 3810 dum
708 3746 850 3812 flammai
872 3746 1016 3812 fervidus
1037 3749 1152 3825 ardor,

257 3880 322 3926 1100
338 3867 446 3923 mutua
470 3857 544 3922 dum
565 3860 647 3926 inter
669 3879 704 3925 sc
727 3861 805 3924 rami
828 3861 1008 3943 stirpesque
1031 3869 1193 3928 10000100.

345 4162 408 4207 1071
423 4161 562 4211 desertibus
574 4160 700 4208 aubantur
714 4155 726 4226 11
747 4161 954 4211 1072110000110
974 4160 987 4231 11
1010 4166 1075 4212 1076
1089 4163 1136 4210 snb
1150 4160 1163 4228 11
1181 4163 1247 4210 1089
1261 4162 1431 4225 praedataque
1446 4161 1460 4228 11

346 4246 483 4314 10840111
506 4249 572 4296 1085
591 4245 676 4309 gregis
696 4247 708 4311 Ι1
731 4250 795 4296 1087
816 4249 892 4298 variis
913 4246 926 4315 11
949 4252 1015 4299 1088
1030 4251 1112 4299 Multa
1133 4251 1144 4316 1
1168 4241 1234 4298 10110
1254 4265 1280 4298 00
1300 4247 1313 4318 11
1337 4253 1403 4299 1094
1422 4251 1461 4298 in·

342 4336 391 4382 sita
410 4332 425 4401 11
447 4337 512 4383 1095
533 4335 649 4397 vaporis.
671 4331 685 4402 11
706 4337 772 4382 1096
792 4336 826 4384 Ut
845 4335 859 4403 11
882 4339 947 4385 1091
967 4339 1064 4385 Aestus
1083 4335 1097 4402 11
1118 4337 1215 4385 ardoris
1235 4334 1248 4405 11
1276 4339 1342 4386 1099
1363 4337 1462 4386 Emicat
