3266 4994
704 380 762 442 lllI
1234 383 1294 448 119

170 551 247 633 quid
271 551 375 615 cordis
400 550 515 632 globus
538 556 594 614 aut
616 550 728 616 oculi?
744 549 819 630 quid
841 549 1014 613 membra?
1031 549 1108 631 quid
1131 550 1248 615 artus?

98 687 149 732 120
176 665 330 747 quantula
352 666 444 730 sunt!
462 663 539 746 quid
561 671 728 746 praeterea
750 663 927 748 primordia
951 683 1119 748 quaeque,

173 780 256 844 unde
279 779 388 843 anima
412 784 509 860 atquc
532 778 630 843 animi
654 784 777 844 constet
799 783 915 842 natura
938 780 1163 844 necessumst?

170 914 278 959 nonne
300 893 391 958 vides
414 914 510 974 quam
534 893 597 958 sint
619 893 749 958 subtilia
773 913 933 975 quamque
957 893 1107 958 minuta?

169 1013 343 1092 practerea
365 1028 448 1090 quae
472 1027 607 1090 cumque
630 1029 688 1072 suo
712 1007 751 1073 de
775 1027 908 1092 corpore
931 1007 1062 1072 odorem

169 1123 319 1206 expirant
341 1142 468 1206 acrem,
485 1142 647 1204 panaces,
664 1122 827 1188 absinthia
850 1128 973 1206 taetra,

96 1259 147 1304 125
173 1235 405 1317 habrotonique
429 1257 545 1318 graves
568 1244 599 1301 ct
620 1237 724 1301 tristia
746 1242 941 1320 centaurea,

170 1370 304 1432 quorum
328 1369 425 1414 unum
449 1350 573 1433 quidvis
596 1351 709 1417 leviter
731 1351 758 1416 si
781 1351 863 1414 forte
886 1351 1011 1415 duobus

679 1513 699 1553 u

648 1697 703 1778 qui
725 1695 857 1760 fulmine
880 1697 968 1760 clarc

172 1812 280 1875 onmia
301 1831 358 1894 per
380 1811 504 1877 sonitus
527 1813 634 1894 arcet,
649 1816 766 1876 terram
780 1861 787 1888 ‚
803 1829 911 1894 mare,
928 1812 1074 1876 caelum.

680 1971 700 2010 ’ie

94 2181 144 2227 121
172 2157 247 2240 quin
269 2157 376 2241 potius
398 2177 515 2222 noscas
537 2176 643 2222 rerum
666 2156 839 2222 simulacra
861 2155 975 2239 vagari

172 2271 274 2336 multa
295 2270 400 2335 modis
423 2271 552 2348 multis,
569 2271 660 2335 nulla
683 2271 733 2354 vi,
752 2289 907 2351 cassaque
930 2269 1054 2334 sensu?

212 2386 286 2473 [Sed
308 2405 349 2450 ne
373 2383 455 2450 forte
476 2391 570 2470 putes
594 2405 633 2450 11
656 2384 784 2450 demum
807 2384 876 2448 sola
898 2383 1031 2466 vagari,

99 2524 149 2570 130
175 2519 259 2583 quae
283 2520 418 2581 cumque
441 2500 482 2563 ab
505 2499 601 2564 rebus
623 2520 727 2564 rerum
751 2498 924 2563 simulacra
947 2495 1121 2581 recedunt,

175 2620 249 2681 sunt
271 2615 368 2680 etiam
392 2633 475 2695 quae
498 2619 612 2698 sponte
635 2633 693 2678 sua
715 2613 888 2696 gignuntur
911 2611 1035 2696 etipsa

174 2730 406 2796 constituuntur
428 2729 462 2792 in
484 2727 546 2792 hcc
568 2728 680 2806 caelo,
698 2727 752 2810 qui
775 2725 890 2789 dicitur
913 2733 987 2802 altr,

100 2867 150 2914 rau
174 2863 258 2926 quae
282 2843 389 2907 multis
412 2842 550 2907 formata
572 2840 676 2906 modis
700 2840 835 2905 sublime
858 2838 1021 2918 feruntur,

98 2981 146 3027 141
175 2979 233 3024 nec
255 2958 394 3042 speciem
418 2961 542 3021 mutare
566 2977 657 3022 suam
680 2956 837 3039 liquentia
859 2962 988 3020 cessant

177 3079 209 3137 et
230 3074 384 3154 cuiusque
408 3071 494 3135 modi
515 3071 689 3138 formarum
710 3077 835 3137 vertere
857 3071 890 3135 in
913 3090 1008 3151 cras3

100 3210 151 3258 133
177 3195 210 3252 ut
232 3188 334 3253 nubes
355 3186 451 3251 facile
473 3187 556 3252 inter
578 3185 655 3249 dum
677 3205 882 3252 concrescere
904 3186 937 3247 in
961 3184 1027 3247 alto

176 3303 333 3368 cernimus
357 3307 389 3366 et
412 3301 522 3365 mundi
545 3301 685 3386 speciem
708 3300 830 3364 violare
853 3318 1020 3381 serenam,

104 3438 153 3484 rac
179 3424 255 3481 altra
277 3416 451 3481 mulcentes
473 3422 560 3480 motu
573 3441 580 3480 :
595 3435 670 3479 nam
694 3434 791 3498 saepe
814 3413 989 3493 Gigantum

177 3551 234 3596 ora
255 3532 366 3597 volare
387 3531 536 3596 videntur
559 3535 590 3595 et
612 3529 759 3593 umbram
781 3527 897 3592 ducere
919 3526 1004 3607 lats,

176 3645 259 3710 inter
282 3645 357 3708 dum
380 3646 487 3727 magni
508 3651 633 3709 montes
656 3643 832 3722 avolsaque
854 3659 937 3706 saxa

176 3761 338 3825 montibus
361 3765 435 3824 ante
456 3759 501 3823 ire
524 3765 556 3825 et
578 3759 678 3824 solem
702 3757 873 3822 succedere
896 3759 1044 3839 praeter,

102 3895 152 3942 140
177 3873 254 3938 inde
277 3874 359 3941 alios
382 3873 507 3938 trahere
530 3879 628 3955 atque
649 3871 799 3937 inducere
822 3871 919 3936 belua
941 3869 1066 3934 nimbos
1079 3867 1109 3954 .]

103 4009 152 4056 143
220 3989 314 4052 Nunc
334 4007 374 4052 ea
396 4007 491 4069 quam
514 3986 601 4051 sacili
623 3994 655 4052 ct
677 3987 774 4053 celeri
795 3986 918 4051 ratione
941 3988 1100 4066 genantur

178 4108 396 4187 perpetuoque
417 4101 520 4166 fluant
542 4102 584 4166 ab
607 4101 703 4166 rebus
724 4102 882 4184 lapsaque
906 4099 1021 4166 cedant

184 4349 232 4396 142
252 4346 344 4396 horas.
365 4343 378 4414 ll
401 4347 449 4395 143
467 4351 603 4410 gerantur.
