3236 5020
354 347 396 412 48
904 343 933 406 11

356 511 441 577 seris
462 509 540 575 haut
561 515 696 594 possunt
717 529 821 592 aeque
843 531 909 576 rem
933 531 1093 594 ortumque
1116 516 1251 600 morari,

355 626 412 692 sed
435 624 527 690 citius
549 626 666 690 cedunt
687 624 887 708 gravioribus
907 633 1120 710 exsuperata:

281 763 330 810 235
356 747 389 806 at
411 746 521 806 eontra
543 741 621 807 nulli
645 741 685 804 de
709 740 797 803 nulla
819 746 909 822 perte
932 761 1037 824 neque
1063 741 1129 806 ullo

354 863 496 938 tempore
518 855 614 919 inane
637 858 743 938 potest
764 873 901 919 vacnum
925 855 1099 922 subsistere
1123 856 1189 933 rei,

356 969 452 1052 quin,
475 989 536 1034 sue
558 969 645 1052 quod
667 979 782 1036 natura
804 971 902 1055 petit,
926 969 1101 1038 concedere
1122 977 1257 1055 pergat:

354 1084 462 1148 omnia
485 1104 550 1165 qua
572 1093 701 1170 propter
724 1085 842 1152 debent
862 1105 920 1170 per
942 1085 1038 1151 inane
1061 1085 1202 1167 quietum

355 1219 457 1280 aeque
479 1200 675 1284 ponderibus
698 1222 761 1267 non
785 1201 898 1283 aequis
921 1199 1045 1265 concite
1068 1199 1163 1264 ferri.

279 1335 329 1382 nuo
354 1313 442 1378 haud
464 1315 561 1400 igitur
582 1320 731 1400 poterunt
752 1315 924 1382 levioribus
946 1315 1088 1381 incidere
1110 1332 1262 1395 umquem

352 1449 392 1492 ex
415 1447 530 1511 supero
553 1430 724 1513 graviore,
748 1451 854 1513 neque
877 1431 958 1496 ictus
980 1430 1112 1513 gignere
1134 1447 1193 1511 per
1216 1448 1271 1504 se,

354 1544 407 1624 qui
430 1543 555 1608 varient
577 1550 700 1628 motus,
724 1566 781 1629 per
803 1565 883 1626 quos
906 1551 1022 1609 natura
1044 1547 1135 1625 geret
1157 1561 1229 1606 res.

355 1677 455 1739 quere
479 1659 575 1723 etiam
594 1664 691 1740 atquc
714 1659 811 1724 etiam
833 1658 965 1742 paulum
987 1655 1142 1720 inclinare
1163 1662 1325 1722 necessest

354 1792 511 1856 eorpora;
534 1791 593 1836 nec
615 1773 687 1856 plus
711 1794 807 1855 quam
829 1771 1013 1848 minimum,
1035 1788 1077 1834 ne
1099 1768 1222 1850 fingere
1244 1775 1349 1834 motus

279 1893 329 1953 2'45
354 1887 502 1967 obliquos
525 1886 689 1952 videamur
711 1895 742 1953 et
763 1887 797 1951 id
820 1906 871 1950 res
894 1903 970 1950 vers
994 1881 1126 1948 refutet.

355 2021 493 2082 namque
516 2000 576 2065 hoc
599 2001 802 2085 inpromptu
824 1998 1090 2079 manifestumque
1113 2017 1185 2063 esse
1207 1999 1373 2084 videmus,

354 2114 518 2200 pondera,
543 2117 749 2198 quantumin
773 2134 808 2180 se
831 2121 898 2190 est,
921 2132 986 2178 non
1008 2131 1105 2196 posse
1128 2112 1259 2193 oblique
1280 2132 1410 2192 meme,

354 2250 395 2295 ex
418 2250 532 2314 supero
556 2250 627 2294 oum
650 2229 883 2313 praecipitent,
908 2226 993 2308 quod
1015 2246 1147 2294 cernere
1170 2228 1297 2311 possis:

354 2343 413 2409 sed
434 2345 478 2408 nil
502 2346 630 2409 omnino
653 2343 743 2407 nulle
765 2342 896 2424 regione
918 2341 982 2407 viai

278 2479 328 2527 nso
354 2459 513 2524 declinare
537 2461 608 2541 quis
630 2465 679 2524 est
701 2457 755 2539 qui
777 2462 920 2541 praestet
940 2475 1069 2523 cernere
1092 2455 1192 2523 sese?

396 2575 543 2655 Denique
566 2574 592 2638 si
616 2593 742 2656 semper
765 2583 870 2638 motus
892 2573 1064 2638 conectitur
1086 2572 1189 2638 omnis

353 2694 385 2754 et
406 2697 512 2754 vetere
535 2695 647 2753 exacto
671 2687 809 2752 exoritur
831 2708 931 2752 novus
955 2687 1065 2754 ordine
1088 2694 1194 2769 certo,

352 2823 411 2868 nec
434 2800 624 2867 declinando
647 2801 769 2866 faciunt
789 2801 965 2894 primordia
986 2809 1091 2867 motus

352 2917 543 3000 principium
566 2915 750 2999 quoddam,
775 2916 860 2998 quod
882 2917 940 2982 tuti
963 2917 1097 2983 foedera
1119 2922 1264 3000 rumpat,

278 3051 327 3096 255
354 3051 394 3096 ex
412 3030 538 3106 ,infinito
562 3049 602 3094 ne
624 3049 756 3095 oausam
779 3051 879 3096 causa
901 3037 1074 3114 sequatur,

350 3146 451 3210 libere
473 3164 531 3228 per
553 3148 656 3209 terras
678 3145 763 3210 unde
787 3146 867 3210 haec
889 3144 1107 3210 animantibus
1130 3153 1256 3221 exstat,

352 3259 438 3327 unde
463 3259 632 3338 estham,
655 3262 807 3345 inquom,
830 3259 907 3324 fatis
930 3258 1043 3324 evolso
1065 3265 1231 3343 potestas,

353 3393 411 3456 per
434 3393 530 3456 quam
553 3375 774 3458 progredimur
797 3395 858 3457 quo
883 3373 968 3439 ducit
991 3394 1147 3457 quemque
1171 3376 1340 3456 voluntas,

351 3487 548 3556 declinemus
570 3490 643 3555 item
666 3497 771 3555 motus
793 3507 853 3553 nec
875 3493 1018 3573 tempore
1042 3497 1128 3553 certo

277 3622 327 3668 mo
353 3623 412 3668 nec
434 3605 563 3686 regione
586 3604 647 3669 loci
673 3609 780 3687 certa,
805 3603 862 3668 sed
886 3603 939 3667 ubi
962 3605 1034 3687 ipsa
1055 3602 1127 3666 tulit
1148 3605 1265 3668 mens?

353 3739 427 3782 nam
450 3719 547 3784 dubio
569 3719 680 3803 procul
702 3720 751 3783 his
775 3719 870 3782 rebus
892 3738 952 3784 sue
976 3718 1091 3798 cuique
1110 3719 1259 3782 voluntas

351 3833 540 3918 principium
563 3835 638 3912 dat,
662 3840 694 3898 et
716 3833 789 3897 hinc
812 3838 916 3897 motus
938 3850 997 3914 per
1019 3833 1161 3898 membre
1183 3834 1346 3916 rigantur.

351 4017 551 4024 ---.-—--

354 4138 403 4184 233
423 4135 536 4184 Heersut
560 4128 573 4199 Η
600 4135 650 4180 234
669 4139 833 4194 exsuperate.
863 4129 876 4199 Η
907 4136 957 4184 240
976 4144 1112 4198 potuerunt
1140 4131 1154 4202 Η
1183 4109 1232 4184 247
1252 4150 1278 4184 se
1297 4135 1437 4186 omissum.
1459 4135 1472 4202 Η

353 4225 403 4270 249
422 4224 494 4270 nulle
512 4222 651 4271 omissum.
673 4215 686 4285 Η
712 4221 762 4267 250
782 4220 861 4282 possit
881 4217 893 4287 Η
914 4225 963 4270 251
984 4231 1055 4271 motu
1079 4220 1094 4291 Η
1120 4225 1169 4270 252
1189 4229 1280 4271 exacto
1300 4223 1439 4272 omissum.
1460 4219 1473 4289 Η

352 4313 401 4358 25ῗ
422 4310 554 4370 voluptas.
