3266 4994
689 387 746 450 ΠΠ

153 561 184 621 et
206 577 269 640 quo
292 576 427 639 cumque
451 559 558 623 oeulos
581 557 762 622 traiecimus
786 557 893 621 omnia
915 557 993 624 ferri

76 691 130 737 425
157 677 188 734 et
209 670 306 736 fluere
328 671 467 736 adsimili
489 672 581 737 nobis
604 673 727 736 ratione
749 671 915 737 videntur.

152 786 291 868 porticus
315 786 444 867 aequali
467 787 612 870 quamvis
635 792 684 852 est
706 787 844 868 denique
869 787 964 853 duotu
1026 873 1031 882 Ι

153 905 306 982 stansque
329 900 569 985 inperpetuum
593 903 722 987 paribus
745 902 877 968 suffulta
900 903 1076 988 columnis,

151 1015 251 1096 longa
273 1022 380 1081 tamen
403 1022 493 1101 parte
516 1018 558 1082 ab
581 1037 705 1082 summa
729 1037 799 1081 oum
821 1023 888 1082 tota
910 1017 1054 1098 videtur,

152 1131 309 1214 paulatim
332 1131 430 1196 trabit
452 1132 578 1216 augusti
600 1130 846 1216 lastigie—ooni‚

70 1263 126 1309 430
153 1249 237 1308 teota
260 1246 329 1311 solo
352 1247 489 1328 iungens
512 1254 608 1329 atque
632 1247 739 1312 omnia
762 1247 895 1312 dextera
917 1248 1021 1312 laevis

153 1357 257 1424 donee
279 1360 313 1422 in
335 1363 503 1426 obscurum
525 1362 597 1426 coni
620 1361 773 1427 conduxit
794 1383 947 1427 acumen.

153 1471 187 1536 in
210 1475 329 1556 pelago
352 1475 457 1540 nautis
481 1496 521 1541 ex
543 1476 637 1541 undis
660 1482 746 1540 ortus
770 1475 803 1540 in
825 1477 919 1540 undis

155 1588 202 1650 sol
226 1588 260 1652 fit
282 1589 325 1653 uti
348 1589 492 1654 videatur
515 1590 603 1654 obire
626 1595 657 1653 et
679 1589 815 1655 oondere
837 1591 966 1673 lumen3

153 1702 270 1787 quippe
292 1706 346 1769 ubi
370 1704 414 1768 nil
436 1704 525 1770 aliud
548 1704 609 1769 nisi
633 1724 748 1786 aquam
772 1705 960 1787 caelumque
982 1711 1128 1790 tuentur;

71 1838 126 1884 435
153 1838 193 1882 ne
217 1818 328 1884 leviter
352 1821 467 1886 eredas
489 1820 681 1885 labefactari
704 1819 844 1902 undique
867 1840 1002 1885 sensus.

152 1939 186 1999 at
208 1935 304 1999 maris
326 1934 446 2018 ignaris
469 1935 619 2020 inportu
642 1934 759 2000 elauda
781 1934 929 2000 videntur

153 2049 284 2130 navigia
307 2050 459 2133 aplustris
482 2050 590 2114 fraotis
615 2049 749 2115 obnitier
771 2049 898 2115 undae.

152 2183 229 2228 nam
252 2184 334 2245 quae
358 2170 490 2246 eumque
514 2186 610 2249 supra
632 2183 736 2229 rorem
758 2163 836 2229 salis
860 2163 944 2228 edita
967 2185 1043 2247 pars
1068 2172 1117 2232 est

151 2297 332 2362 remorum,
349 2286 436 2344 reeta
459 2287 527 2359 est,
544 2286 575 2345 et
598 2285 683 2346 reeta
707 2299 841 2362 superne
864 2279 1028 2363 guberna:

79 2413 130 2459 440
156 2413 240 2475 quae
264 2393 409 2459 demersa
431 2395 589 2477 liquorem
612 2396 749 2477 obeunt,
766 2394 904 2459 refracta
927 2394 1075 2459 videntur

153 2508 262 2572 omnia
285 2509 427 2574 converti
450 2528 637 2589 sursumque
660 2508 775 2592 supina
797 2507 916 2572 reverti
949 2577 956 2596 ·

154 2627 185 2686 et
207 2621 327 2686 reflexa
350 2643 450 2707 prope
472 2623 503 2686 in
528 2643 650 2688 summo
674 2621 797 2686 fluitare
819 2621 965 2701 liquore.

156 2756 294 2818 raraque
316 2757 375 2821 per
397 2737 518 2801 eaelum
542 2757 613 2801 oum
636 2737 723 2801 venti
746 2735 856 2799 nubila
877 2739 1005 2818 portant

152 2857 296 2935 tempore
319 2856 493 2929 nocturno,
509 2856 576 2914 tum
599 2849 768 2934 splendida
790 2849 884 2934 signa
905 2840 1053 2914 videntur

76 2986 127 3032 445
154 2966 257 3031 labier
279 2966 448 3050 adversum
471 2966 597 3032 nimbos
620 2972 715 3048 atque
737 2965 785 3030 ire
808 2983 946 3049 superne

153 3080 249 3164 longe
272 3079 369 3143 aliam
392 3080 425 3144 in
448 3087 569 3164 partem
592 3101 630 3145 ae
652 3100 729 3145 vera
750 3080 874 3145 ratione
896 3080 1082 3144 feruntur(

153 3195 236 3259 atsi
259 3194 341 3259 forte
365 3195 455 3259 ooulo
480 3217 593 3262 manus
615 3198 670 3261 uni
692 3195 821 3259 subdita
844 3199 953 3277 supter

154 3307 271 3388 pressit
294 3328 385 3383 eum,
404 3309 541 3390 quodam
565 3330 661 3376 sensu
683 3310 717 3372 fit
739 3309 785 3372 uti
806 3308 976 3372 videantur

156 3421 279 3504 omnia,
297 3440 380 3502 quae
401 3422 538 3507 tuimur,
553 3425 621 3489 fieri
643 3429 709 3487 tum
731 3423 808 3487 bina
829 3421 971 3498 tuendo,

73 3555 127 3602 450
155 3534 231 3598 bina
252 3535 453 3601 lucernarum
475 3536 623 3602 florentia
646 3536 767 3600 lumina
788 3533 944 3615 flammis,

153 3647 294 3730 binaque
315 3670 372 3733 per
395 3656 478 3715 totas
502 3651 593 3717 aedis
617 3651 780 3732 geminare
803 3647 968 3734 supellex,

155 3768 187 3826 et
210 3759 344 3845 dupliois
368 3765 530 3828 hominum
553 3766 656 3831 faoies
680 3771 711 3830 et
733 3783 868 3848 corpora
889 3762 984 3827 bina.

154 3874 295 3958 denique
316 3897 387 3942 cunr
411 3877 499 3943 suevi
522 3878 664 3945 devinxit
685 3880 830 3946 membra
852 3895 970 3962 sopore

155 4010 284 4056 somnus
308 3992 393 4056 etin
415 4012 540 4057 summa
562 4013 678 4078 eorpus
699 3994 782 4059 iacet
805 4012 899 4057 omne
921 3989 1047 4073 quieto,

158 4263 209 4312 429
229 4263 322 4326 cogni.
349 4259 361 4331 Η
387 4265 437 4312 436
457 4263 481 4311 Α
506 4260 518 4330 Η
545 4267 594 4313 437
616 4261 695 4311 factas
716 4258 729 4329 ΙΙ
748 4263 846 4312 undas.
870 4259 884 4331 ll
909 4265 960 4311 440
979 4261 1078 4320 liquore
1106 4256 1119 4326 11
1146 4260 1196 4306 446
1216 4273 1281 4320 aque

163 4350 262 4399 ratione
282 4349 295 4418 Η
315 4352 366 4399 448
385 4358 414 4399 ut
433 4347 447 4418 ΙΙ
467 4354 517 4401 453
537 4367 583 4400 sua
600 4350 668 4400 ridet
686 4348 769 4398 vinxit

1059 4447 1079 4510 9
