3240 5010
352 367 416 432 204
899 364 925 427 V

355 534 418 598 iam
443 551 532 597 mare
555 532 700 598 velivolis
720 533 854 599 florebat
875 535 1057 619 puppibus,
1074 539 1105 597 et
1126 553 1178 598 res

355 648 476 712 auxilie
498 665 535 710 ae
558 644 663 710 soeiee
685 647 750 712 iam
771 656 867 733 paeto
892 646 1022 713 foedere
1043 647 1224 725 hebebant,

354 759 547 826 earmiuibue
570 780 640 824 eum
664 781 715 826 res
738 771 846 844 gestes
868 782 1003 847 coepere
1026 768 1142 847 poetae

274 897 339 944 1445
355 875 502 941 tradere:
520 894 580 938 nee
601 874 700 940 mutto
724 875 801 959 priu’
823 884 896 942 sunt
918 878 1075 942 elementa
1096 885 1245 961 repertu.

355 997 529 1075 propterea
552 988 628 1070 quid
651 991 691 1054 sit
712 991 800 1074 prius
823 997 927 1056 aetum
948 990 1110 1075 respicere
1132 997 1221 1056 aetas

356 1112 465 1170 nostre
488 1089 616 1187 nequit,
634 1105 692 1170 uisi
718 1125 780 1186 que
802 1105 882 1170 ratio
906 1105 1044 1186 vestigia
1066 1111 1245 1173 monstrat.

394 1220 534 1303 Navigia
555 1225 652 1301 etque
676 1220 747 1303 egri
770 1221 928 1304 cultures,
944 1221 1093 1305 moenie,
1109 1221 1221 1303 leges,

354 1355 463 1406 arma,
480 1333 568 1411 vies,
584 1337 691 1400 veetee
703 1383 711 1418 ,
725 1340 757 1398 et
777 1341 885 1400 uetere
908 1335 948 1401 de
971 1354 1090 1419 genere
1113 1335 1245 1420 herum,

273 1471 339 1518 1450
355 1449 520 1533 praemia,
537 1448 668 1515 delieies
692 1469 817 1532 queque
840 1449 923 1514 vitee
947 1449 1091 1516 funditus
1115 1450 1237 1534 omnis,

356 1565 516 1668 camina,
535 1565 693 1647 picturas,
710 1569 741 1629 et
763 1563 903 1630 daedale
926 1566 1019 1648 signa
1042 1566 1165 1651 polire,

355 1700 431 1744 usus
454 1686 486 1745 et
507 1679 664 1763 impigrae
687 1680 780 1744 simui
803 1681 1001 1763 experientia
1023 1680 1137 1745 mentis

355 1794 511 1877 paulatim
534 1793 642 1858 docuit
663 1795 865 1878 pedetemtim
888 1796 1145 1880 progredientis.

356 1909 401 1975 sie
424 1930 520 1973 unum
544 1907 693 1991 quiequid
715 1907 869 1992 paulatim
892 1909 1047 1992 protrahit
1070 1916 1163 1976 aetus

274 2043 340 2090 1455
357 2027 389 2088 in
414 2024 552 2090 medium
574 2008 718 2105 rutieque
739 2023 772 2086 in
795 2024 924 2089 luminis
947 2026 1039 2109 erigit
1062 2044 1157 2090 eree:

356 2158 494 2221 nemque
518 2137 582 2202 alid
607 2157 645 2200 err
668 2139 733 2202 aiio
756 2139 936 2205 elereseere
958 2139 1188 2217 conveniebat,

357 2255 478 2319 artibus
500 2255 544 2319 ad
566 2273 723 2320 summum
747 2253 848 2319 donee
869 2273 987 2320 venere
1011 2273 1186 2320 eeeumen.

358 2421 558 2429 ——-—

362 2525 428 2571 1442
443 2523 510 2571 Tum
530 2519 541 2590 ΙΙ
562 2531 664 2586 propter
683 2523 790 2572 odores.
811 2518 825 2590 ΙΙ
847 2525 914 2572 1444
933 2539 1038 2587 caepere
1058 2519 1070 2590 Η
1094 2525 1159 2573 1449
1174 2531 1198 2573 et
1217 2523 1357 2573 omissum.
1379 2518 1392 2588 Η
1415 2523 1482 2570 1451

360 2610 457 2673 polite.
479 2609 492 2675 t!
516 2613 581 2660 1456
601 2611 677 2662 corde
696 2611 831 2660 videbant.
