3236 5020
711 407 726 470 Ι
822 463 824 468 .

160 588 330 665 uvescunt,
354 581 467 646 eadem
490 580 663 662 dispansae
685 577 718 638 in
742 575 809 640 sole
826 578 1013 641 senescunt.

158 704 191 760 at
213 717 316 779 neque
339 716 401 777 quo
423 700 519 777 pacto
544 689 722 776 persederit
745 709 835 753 umor
857 691 953 770 aquai

157 813 308 890 visumst,
333 830 392 874 neo
416 827 537 872 rursum
561 827 623 887 qno
647 812 740 889 pacto
765 804 882 884 fugerit
905 810 1017 868 aestu.

156 927 191 988 in
214 943 331 1008 parvas
353 923 450 1002 igitur
472 921 571 1004 partis
595 920 786 1004 dispergitur
813 939 923 1000 umor,

74 1061 133 1105 :tro
159 1059 241 1120 quas
264 1036 345 1099 oculi
370 1036 455 1098 nulla
480 1039 612 1118 possunt
635 1035 757 1098 ratione
780 1033 909 1096 videre.

159 1152 236 1232 quin
259 1150 352 1214 etiam
375 1149 479 1212 nmltis
504 1149 580 1213 solis
602 1134 808 1213 redeuntibus
831 1147 923 1209 annis

158 1266 272 1328 anulus
293 1264 326 1325 in
348 1263 447 1344 digito
472 1263 579 1327 subter
600 1269 747 1327 tenuatur
770 1260 939 1331 habendo,

156 1378 284 1442 stilicidi
308 1397 402 1442 casus
425 1377 566 1461 lapidem
591 1382 700 1450 cavat,
724 1395 823 1438 uncus
847 1375 945 1437 aratri

154 1492 277 1557 ferreus
301 1493 423 1556 occulte
447 1490 603 1555 decrescit
624 1508 735 1553 vomer
760 1488 793 1550 in
817 1489 921 1564 arvis,

78 1629 133 1672 313
157 1612 321 1686 strataque
343 1605 408 1667 iam
430 1604 515 1685 volgi
538 1603 673 1685 pedibus
695 1602 808 1666 detrita
832 1602 953 1665 viarum

156 1737 259 1782 saxea
282 1719 514 1800 conspicimus:
539 1724 622 1792 tum,
645 1723 755 1799 portas
778 1720 925 1798 propter,
950 1722 1031 1779 aena

156 1833 251 1912 signa
273 1853 385 1896 manus
408 1832 536 1895 dextras
560 1829 729 1894 ostendunt
755 1829 923 1894 adtenuari

156 1966 254 2028 saepe
277 1946 470 2010 salutantum
493 1950 580 2008 tactu
603 1950 791 2027 praeterque
814 1950 997 2007 meantum.

154 2061 233 2123 haee
255 2059 352 2139 igitur
373 2059 491 2141 minui,
516 2079 585 2122 oum
609 2056 672 2121 sint
695 2058 829 2139 detrita,
852 2057 1016 2122 videmus:

80 2195 133 2240 oso
157 2175 214 2238 sed
236 2193 318 2254 quae
342 2193 477 2256 corpora
500 2172 657 2236 decedant
679 2173 711 2236 in
734 2178 877 2255 tempore
900 2191 1046 2253 quoque,

153 2288 261 2351 invida
283 2288 456 2370 praeclusit
478 2289 616 2371 spatium
640 2293 754 2350 natura
777 2286 925 2350 videndi.

155 2407 316 2484 postremo
341 2421 423 2482 quae
447 2421 581 2482 cumque
604 2401 672 2465 dies
695 2402 988 2482 naturaquelrebus
1065 2435 1067 2440 .

154 2518 307 2598 paulatim
330 2516 456 2597 tribuit,
480 2515 668 2578 ruoderatim
692 2535 833 2578 crescere
857 2534 994 2597 cogens,

155 2630 241 2692 nulla
263 2636 368 2712 potest
391 2631 552 2694 oculorum
575 2629 660 2692 acies
684 2634 830 2692 contenta
851 2627 951 2702 tueri,

83 2763 133 2808 323
155 2764 214 2808 neo
237 2765 330 2826 porro
355 2763 436 2823 quae
460 2761 595 2822 eumque
619 2761 698 2804 aevo
721 2741 888 2821 macieque
911 2746 1099 2805 senescunt:

156 2877 236 2938 nec,
260 2876 349 2921 mare
372 2877 456 2939 quae
479 2857 676 2939 inpendent,
700 2875 793 2920 vesco
817 2856 885 2920 sale
908 2875 988 2919 saxa
1010 2875 1125 2938 peresa

155 2971 229 3050 quid
253 2990 379 3052 quoque
402 2971 547 3034 amittant
569 2971 602 3033 in
625 2976 767 3053 tempore
790 2989 920 3033 eernere
942 2972 1067 3053 possis.

66 3067 70 3078 ⁸
130 3063 135 3076 ’
154 3086 339 3168 corporibus
363 3086 468 3150 caecis
492 3085 587 3164 igitur
611 3091 724 3148 natura
747 3085 829 3166 gerit
850 3104 923 3147 res.

199 3201 265 3262 Nec
287 3205 394 3262 tamen
415 3199 555 3279 undique
579 3219 735 3281 corporea
758 3200 876 3280 stipata
899 3205 1045 3262 tenentur

87 3333 134 3377 330
157 3313 261 3377 omnia
284 3319 415 3377 natura:
442 3333 578 3393 namque
602 3314 704 3378 estin
728 3315 824 3377 rebus
846 3313 962 3374 inane.

157 3427 241 3508 quod
264 3426 320 3489 tibi
344 3446 500 3510 cognosse
523 3427 554 3490 in
578 3427 684 3490 multis
707 3425 766 3489 erit
789 3425 864 3489 utile
887 3424 1002 3498 rebus,

156 3561 215 3605 nec
237 3541 318 3606 sinet
341 3550 498 3607 errantem
522 3541 667 3606 dubitare
690 3545 721 3603 et
743 3558 895 3620 quaerere
918 3557 1044 3621 semper

156 3657 196 3721 de
218 3676 340 3721 summa
363 3676 466 3720 rerum
490 3664 520 3721 et
542 3655 659 3719 nostris
683 3653 829 3717 diffidere
851 3652 964 3717 dictis.

89 3790 134 3836 333
157 3777 240 3852 quod
264 3771 290 3834 si
314 3790 378 3832 non
400 3776 503 3844 esset,
527 3770 614 3832 nulla
638 3768 761 3832 ratione
779 3753 903 3833 inoveri

155 3903 205 3950 res
227 3888 377 3968 possent:
402 3902 539 3962 namque
562 3883 699 3947 officium
723 3882 808 3963 quod
831 3883 974 3966 corporis
997 3888 1122 3960 exstat,

156 3998 283 4064 officere
306 4003 401 4077 atque
424 3996 576 4071 obstare,
599 3995 633 4059 id
655 3997 688 4060 in
710 3997 795 4060 omni
817 4003 960 4080 tempore
982 3997 1112 4060 adesset

155 4267 201 4312 331
227 4266 367 4327 praeclusel
390 4265 498 4327 speeiem
529 4259 542 4329 Η
572 4265 622 4310 334
646 4265 703 4324 Qua
726 4275 827 4327 propter
850 4267 922 4314 locus
945 4275 981 4315 est
1004 4266 1112 4313 intactus
1136 4266 1211 4314 inane
1233 4283 1274 4314 ra-

155 4365 280 4412 esusque.
