3266 4994
701 366 757 430 llll

166 540 399 602 commutantur
421 534 466 599 ibi
488 537 653 619 positurae
675 535 922 620 principiorum

165 657 201 715 ut
222 651 311 735 prius
334 653 376 716 ad
400 670 530 716 sensum
555 670 635 732 quae
659 669 794 734 corpora
816 651 1050 715 conveniebant

167 786 253 830 nuno
275 787 338 830 non
362 765 576 850 conveniant,
593 770 624 830 et
645 771 752 830 cetera
775 765 839 830 sint
860 766 964 846 magis
987 771 1082 850 apta,

90 905 142 952 ero
169 902 252 964 quae
274 885 444 964 penetrate
467 886 585 962 queunt
607 899 737 944 sensum
758 879 952 964 progignere
974 882 1144 946 acerbum.

90 1018 141 1066 ore
210 998 302 1060 Nunc
324 1014 407 1079 age,
425 1015 487 1077 quo
509 999 603 1077 pacto
626 995 715 1060 naris
737 994 882 1060 adiectus
906 996 1013 1062 odoris

166 1115 279 1195 tangat
301 1125 397 1191 agam
412 1157 419 1173 .
435 1109 570 1194 primunr
595 1129 646 1174 res
668 1110 785 1174 multas
807 1129 878 1175 esse
903 1115 1064 1176 necessest

92 1249 142 1296 666
168 1225 253 1291 uude
275 1225 377 1290 fluens
398 1225 508 1290 volvat
529 1224 636 1289 rarius
659 1244 694 1289 se
716 1225 828 1289 fluctus
851 1224 1004 1308 odorum,

168 1347 199 1405 et
219 1339 317 1405 liuere
340 1345 373 1404 et
394 1340 473 1404 mitti
496 1340 592 1420 volgo
614 1314 789 1423 spargique
812 1340 1038 1423 putandumst:

166 1475 274 1520 verum
298 1453 370 1518 aliis
393 1453 476 1518 alius
498 1453 602 1534 magis
626 1461 675 1519 est
696 1455 912 1519 animantibus
934 1461 1048 1538 aptus,

167 1567 331 1634 dissimilis
353 1573 483 1652 propter
505 1565 646 1632 formas.
663 1567 801 1651 ideoque
823 1588 881 1654 per
904 1587 997 1634 auras

167 1682 272 1749 mellis
294 1701 373 1766 apes
397 1683 543 1763 quamvis
565 1683 660 1765 louge
684 1683 840 1748 ducuntur
863 1683 982 1766 odore,
1012 1705 1017 1712 ·

89 1821 142 1868 oso
167 1797 356 1878 volturiique
379 1796 611 1861 cadaveribus:
627 1804 693 1860 tum
714 1796 791 1862 lissa
813 1796 951 1861 ferarum

167 1913 289 1994 ungula
312 1931 373 1994 quo
396 1911 503 1976 tulerit
524 1931 668 1992 gressum
691 1912 849 1996 permissa
872 1931 985 1977 oannrn
1009 1913 1057 1977 vis

167 2027 263 2110 dicit,
281 2031 312 2090 et
333 2025 507 2090 humanum
529 2026 625 2109 longe
648 2026 824 2110 praesentit
846 2025 976 2092 odorem

170 2140 409 2206 Romulidarum
433 2141 515 2206 arcis
539 2147 703 2216 servator,
722 2141 877 2206 candidus
899 2160 1011 2206 anser.
1080 2136 1086 2144 '

166 2255 212 2321 sio
234 2253 307 2319 aliis
328 2255 411 2318 alius
432 2254 526 2320 nidor
547 2256 639 2321 datus
662 2255 703 2319 ad
726 2276 786 2320 sua
809 2275 969 2338 quemque

91 2391 141 2439 666
167 2370 290 2454 pabula
312 2368 397 2433 ducit
420 2388 438 2433 e
461 2389 482 2432 a
504 2376 583 2434 tetro
606 2370 729 2436 resilire
751 2389 875 2435 veneno

168 2484 273 2568 cogit,
290 2501 393 2564 eoque
414 2482 509 2548 modo
534 2489 701 2548 servantur
724 2485 834 2549 saecla
855 2484 1013 2548 ferarum.

208 2598 268 2663 Hic
291 2596 370 2660 odor
392 2596 462 2680 ipse
485 2596 601 2681 igitur,
618 2599 703 2663 naris
726 2597 780 2679 qui
803 2618 937 2680 eumque
960 2597 1109 2672 lacessit,

167 2725 217 2782 est
239 2695 309 2780 alio
327 2722 361 2779 ut
382 2714 483 2799 possit
504 2711 642 2796 permitti
665 2713 790 2797 longius
814 2713 915 2777 alter:

168 2831 226 2896 sed
249 2835 356 2894 tamen
378 2828 464 2892 haud
489 2827 655 2908 qnisquam
678 2832 744 2891 tarn
767 2826 861 2910 longe
884 2826 984 2892 fertur
1005 2846 1115 2892 eorum

89 2967 142 3014 ooo
170 2964 267 3027 quarn
291 2943 432 3026 sonitus,
450 2961 545 3024 quarn
569 2961 650 3024 vox,
667 2940 754 3007 mitto
777 2941 842 3006 iam
865 2942 969 3008 dicere
992 2961 1088 3024 quam
1110 2960 1162 3006 res

170 3079 255 3141 quae
277 3058 396 3124 feriunt
419 3056 583 3122 oculorum
606 3055 693 3121 acies
715 3056 880 3139 visumque
902 3055 1084 3122 lacessunt.

170 3173 370 3239 errabundus
392 3172 477 3237 euim
498 3171 588 3236 tarde
611 3171 716 3254 venit,
733 3192 773 3236 ae
795 3172 877 3256 perit
899 3179 973 3237 ante

168 3287 325 3372 paulatim
348 3285 452 3351 facilis
475 3286 644 3352 distraetus
666 3287 699 3350 in
722 3285 805 3351 ae'ris
829 3305 946 3368 auras;

170 3401 294 3467 exalto
317 3400 453 3486 primum
477 3400 552 3483 quia
573 3401 624 3465 vix
649 3400 800 3465 emittitur
823 3419 941 3464 exre:

94 3535 146 3582 666
172 3534 244 3580 narn
267 3515 395 3599 penitus
417 3515 516 3581 fluere
538 3521 633 3597 atque
655 3513 805 3579 recedere
828 3512 924 3577 rebus
946 3511 1062 3576 odores

170 3629 329 3710 significat
351 3629 438 3712 quod
459 3629 564 3695 fracta
586 3629 690 3710 magis
713 3627 858 3693 redolere
880 3627 1027 3692 videntur

170 3743 296 3828 omnia,
313 3743 399 3826 quod
422 3743 575 3827 coutrita,
592 3741 679 3826 quod
700 3742 766 3827 igni
789 3741 1032 3808 conlabefacta:

170 3856 288 3923 deinde
309 3857 419 3922 videre
442 3856 517 3921 licet
538 3857 713 3924 maioribus
737 3876 808 3924 esse
831 3863 970 3924 creatum

168 3971 334 4057 principiis
356 3992 451 4055 quarn
474 3990 556 4054 vox,
573 3972 722 4053 quoniam
744 3993 801 4057 per
823 3990 924 4038 saxea
946 3977 1059 4054 saepta

175 4239 226 4286 668
245 4238 287 4287 Fit
307 4236 320 4306 Η
342 4241 390 4287 677
411 4237 475 4287 alius
494 4245 519 4288 et
543 4234 556 4304 Η
582 4239 632 4286 680
652 4236 803 4300 Volturique
824 4234 837 4305 ΙΙ
858 4241 905 4287 681
926 4238 1050 4302 promissa
1069 4231 1082 4303 Η
1108 4237 1157 4284 682
1177 4233 1256 4284 Ducit
1276 4231 1290 4303 Η

174 4325 224 4374 696
244 4325 360 4374 redolere
381 4322 393 4392 Η
414 4328 464 4374 698
483 4331 610 4374 creatam.
