3266 4994
356 369 416 434 124
884 362 941 426 llll

391 538 484 600 Nunc
507 555 588 619 age,
606 555 660 598 cur
682 535 766 598 ultra
788 533 952 618 speculum
975 535 1120 598 videatur
1142 534 1250 620 imago

279 671 330 716 aro
354 651 504 733 percipe:
521 669 596 712 nam
620 655 703 712 certe
725 648 851 732 penitus
874 657 998 714 seurota
1021 649 1144 712 videtur

278 785 329 830 aso
353 763 416 828 illis
440 783 523 845 quac
548 761 682 828 reddunt
704 763 903 844 speculorum
927 783 967 828 ex
990 783 1131 845 aequore
1153 765 1274 829 visum.

278 899 326 942 251
356 878 441 959 quod
463 898 566 962 genus
588 877 666 950 illa,
685 876 762 940 loris
786 898 868 958 quac
891 884 982 952 suut,
1000 879 1083 942 beue
1105 879 1373 962 transpiciuntur‚

357 992 455 1056 ianua
477 1013 548 1056 cum
569 1011 627 1075 per
650 1010 684 1055 se
707 998 922 1074 transpectum
944 993 1077 1075 praebet
1100 997 1265 1074 apertum,

357 1108 456 1170 multa
479 1106 618 1187 facitque
642 1105 718 1168 foris
742 1126 780 1168 ox
804 1106 937 1170 aedibus
961 1111 994 1168 ut
1017 1105 1203 1169 videantur:

359 1221 386 1284 is
410 1240 537 1302 quoque
561 1221 644 1284 cuim
667 1219 784 1301 duplici
808 1219 997 1302 geminoque
1020 1219 1054 1282 fit
1076 1225 1150 1283 adre
1172 1220 1280 1284 visus.

280 1353 329 1399 ara
354 1334 475 1416 primus
498 1334 581 1398 euim
605 1334 683 1396 citra
705 1339 813 1414 postes
829 1340 893 1396 tum
917 1334 1051 1398 cernitur
1074 1324 1157 1416 a'e'r‚'

354 1447 429 1512 iude
452 1426 654 1530 loresflpsae
677 1446 789 1509 (lextra
812 1446 968 1528 laevaque
991 1455 1157 1531 secuntur,
1198 1463 1201 1469 ·

353 1570 427 1645 post
449 1561 589 1626 extraria
611 1561 665 1622 lux
687 1561 796 1625 oeulos
819 1568 979 1645 perterget
1002 1569 1033 1625 et
1056 1570 1110 1626 ae'r

355 1676 457 1750 alter,
474 1682 504 1739 et
523 1676 598 1753 illa,
616 1674 694 1738 foris
718 1696 800 1756 quac
823 1681 915 1760 suot,
932 1677 1012 1739 boue
1034 1676 1300 1760 transpiciuutur.

353 1790 475 1853 sicubi
500 1810 534 1852 sc
557 1790 692 1872 primum
716 1790 836 1873 speculi
859 1790 992 1873 proiecit
1014 1791 1143 1874 imago,

279 1926 329 1971 aso
356 1905 430 1968 dum
453 1906 539 1970 veuit
561 1905 602 1967 ad
628 1908 751 1968 nostras
775 1905 880 1986 acies,
897 1904 1054 1987 protrudit
1077 1904 1205 1984 agitque

320 2039 322 2044 ’
354 2027 430 2082 aera
453 2019 505 2099 qui
529 2019 610 2084 inter
633 2038 668 2082 sc
691 2024 855 2100 cuurquest
879 2020 1051 2099 oculosque
1074 2019 1216 2101 locatus,

354 2139 386 2197 et
408 2133 484 2197 facit
506 2139 539 2195 ut
560 2134 646 2216 prius
669 2132 753 2196 hunc
777 2153 903 2196 omnem
927 2131 1043 2197 sentire
1067 2151 1222 2213 queamus

354 2268 449 2327 quam
473 2248 653 2330 speculum:
671 2249 727 2312 sed
751 2248 804 2310 ubi
828 2247 993 2329 speculum
1016 2265 1141 2327 quoque
1165 2247 1321 2311 sensimus
1344 2247 1470 2330 ipsum,
1556 2241 1562 2250 '

354 2362 501 2424 contiuuo
526 2382 546 2424 a
568 2362 661 2426 uobis
684 2363 797 2424 iterum
822 2379 905 2440 quae
929 2358 1025 2422 fertur
1047 2360 1155 2444 imago

277 2494 327 2540 aas
353 2475 515 2557 pervenit,
532 2481 564 2539 et
585 2484 711 2542 nostros
735 2475 844 2538 oculos
866 2475 985 2539 reiecta
1007 2474 1135 2552 revisit,

353 2594 450 2668 atque
473 2589 570 2652 alium
594 2611 672 2673 prae
695 2610 729 2654 se
752 2587 937 2674 propellens
959 2597 1034 2652 ae'ra
1056 2588 1174 2672 volvit,

356 2708 386 2764 et
409 2703 485 2767 lacit
507 2710 540 2766 ut
562 2705 651 2788 prius
674 2705 757 2768 lrunc
781 2724 877 2784 quam
900 2723 935 2767 se
957 2703 1142 2786 videamus,
1159 2722 1262 2784 eoque

341 2817 473 2883 distare
497 2820 536 2881 ab
560 2820 689 2902 speculo
712 2817 834 2885 tantum
857 2824 980 2886 semota
1002 2817 1147 2882 ridetur.

354 2952 452 3012 quare
476 2934 570 2998 ctiam
594 2940 690 3015 atque
714 2934 811 2998 etiam
835 2933 963 2997 minime
986 2933 1131 2997 mirarier
1154 2938 1202 2996 est
1223 2952 1304 3016 par,

279 3067 327 3111 aar
355 3047 482 3110 aeribus
504 3048 587 3112 binis
610 3047 759 3130 quoniam
782 3067 833 3112 res
857 3048 951 3112 confit
974 3053 1128 3128 utraque.

281 3155 283 3160 ’
354 3181 438 3224 nunc
462 3181 501 3223 ea
524 3180 605 3240 quae
628 3161 721 3225 nobis
744 3163 954 3227 membrorum
978 3162 1112 3226 deutera
1134 3182 1210 3245 pars
1233 3169 1301 3245 est,

352 3277 384 3339 io
406 3274 546 3359 speculis
569 3275 658 3337 litut
680 3275 711 3338 iu
734 3277 829 3342 laeva
851 3278 995 3343 videatur
1018 3296 1055 3340 eo
1080 3277 1165 3357 quod

353 3389 520 3474 planitiem
542 3389 584 3452 ad
607 3390 727 3472 speculi
750 3392 881 3457 veniens
905 3413 977 3455 cum
1001 3391 1134 3456 offendit
1155 3391 1282 3474 imago,

279 3525 327 3570 255
355 3483 424 3566 non¹
442 3504 632 3566 convertitur
654 3505 843 3588 incolumis,
860 3507 916 3571 sed
940 3510 1027 3569 recta
1050 3508 1218 3568 retrorsum

354 3617 400 3681 sic
424 3614 570 3693 eliditur,
587 3625 620 3682 ut
643 3620 761 3703 siquis,
777 3621 865 3704 prius
888 3619 980 3685 arida
1003 3638 1096 3698 quam
1121 3617 1161 3680 sit

353 3736 461 3794 cretea
482 3751 640 3816 persona,
658 3734 782 3798 adlidat
803 3735 930 3818 pilaeve
954 3733 1096 3814 trabive,

355 3850 450 3924 atque
474 3865 513 3908 ea
536 3848 684 3911 continuo
709 3856 829 3912 rectam
852 3848 879 3912 si
902 3845 1006 3909 fronte
1028 3844 1165 3926 figuram

278 3981 327 4027 aaa
353 3965 458 4024 servet
481 3967 511 4024 et
533 3962 644 4026 elisam
668 3967 751 4026 retro
775 3979 846 4024 sese
870 3959 1029 4044 exprimat
1051 3960 1142 4045 ipsa.

357 4238 407 4284 270
426 4243 524 4294 remota
548 4232 561 4302 ll
588 4238 637 4282 271
659 4249 706 4295 que
725 4251 782 4285 vere
807 4235 819 4302 ΙΙ
846 4238 894 4286 277
914 4245 1027 4302 perleget
1054 4235 1068 4306 ll
1098 4239 1148 4286 278
1168 4249 1292 4298 querere
1318 4232 1330 4302 ΙΙ
1358 4235 1408 4282 283
1427 4233 1479 4283 ins·

355 4323 472 4386 peculum
493 4318 506 4388 ll
527 4324 577 4369 284
596 4321 623 4368 in
642 4335 699 4368 eum
720 4316 733 4387 Η
754 4322 804 4368 323
823 4321 897 4370 lisam
932 4390 935 4396 Ι
