3236 5020
681 345 699 408 Ι

125 521 290 584 dimidiam
316 527 463 602 partem,
486 537 545 582 nec
568 536 619 580 res
641 515 810 598 praefiniet
831 516 917 580 ulla.

124 655 205 718 ergo
226 654 331 698 rerum
353 633 436 699 inter
458 649 614 697 summam
638 629 865 711 minimamque
889 631 965 712 quid
987 631 1092 696 escit?

39 771 95 816 sao
126 749 174 814 nil
197 750 256 815 erit
279 754 314 811 nt
335 747 450 812 distet:
474 765 549 810 nam
573 745 718 826 quamvis
740 743 882 808 funditus
905 723 1007 810 omnis

124 883 252 929 summa
274 862 315 927 sit
337 860 479 937 infinita,
503 866 630 934 tamen,
653 856 846 941 parvissima
868 877 953 940 quae
975 865 1068 936 sunt,

123 997 167 1042 ex
189 976 322 1040 infinitis
346 974 538 1040 constabunt
559 973 704 1057 partibus
726 989 853 1053 aeque.

126 1089 217 1173 qnod
240 1089 389 1171 quoniam
411 1089 492 1153 ratio
515 1089 669 1153 reclamat
687 1107 763 1153 vera
784 1091 948 1167 negatque

66 1243 68 1252 ,
126 1204 259 1270 credero
281 1222 377 1286 posse
400 1204 560 1286 animum,
583 1203 686 1268 vietus
709 1201 833 1268 fateare
855 1207 1020 1266 necessest

43 1341 96 1385 aas
125 1337 200 1384 esse
222 1336 261 1382 ea
284 1337 367 1399 quae
391 1319 487 1383 nullis
509 1318 574 1382 iam
597 1315 746 1400 praedita
767 1316 913 1398 partibus
935 1321 1044 1381 extent

123 1440 157 1497 et
180 1431 311 1496 minima
334 1437 478 1496 constent
499 1438 636 1496 natura.
660 1449 744 1511 qnae
767 1429 917 1511 quoniam
940 1435 1035 1512 sunt,

121 1544 181 1608 illa
203 1542 331 1626 quoque
354 1564 425 1610 esse
448 1545 505 1609 tibi
528 1544 633 1608 solida
654 1553 751 1624 atque
773 1548 904 1608 aeterna
927 1543 1111 1609 fatendum.

125 1657 265 1738 denique
287 1659 320 1722 ni
342 1659 491 1723 minimas
511 1659 545 1722 in
568 1659 667 1741 partis
689 1663 803 1722 cuncta
824 1657 941 1722 resolvi

127 1789 246 1852 cogere
268 1765 456 1838 consuesset
478 1792 580 1836 rerum
604 1779 719 1836 natura
741 1771 896 1848 creatrix,

46 1904 100 1950 sao
124 1883 191 1949 iam
215 1884 260 1948 nil
283 1905 323 1950 ex
345 1886 409 1951 illis
432 1886 542 1950 eadem
566 1903 717 1969 reparare
739 1886 863 1950 valeret

124 2004 296 2081 propterea
318 1999 415 2080 quia,
440 2020 521 2082 quae
544 1999 652 2064 multis
675 2005 748 2064 sunt
768 2000 915 2083 partibus
937 2005 1051 2083 aucta,

125 2132 190 2178 non
212 2121 348 2197 possunt
371 2133 411 2179 ea
434 2133 519 2196 quae
541 2114 638 2179 debet
659 2113 812 2197 genitalis
834 2114 955 2179 habere

126 2228 297 2306 materies,
319 2229 426 2294 varios
449 2248 610 2314 conexus,
634 2227 800 2312 pondera,
823 2228 960 2312 plagas,

127 2361 321 2424 concursus,
345 2348 468 2426 motus,
493 2363 550 2426 per
573 2341 658 2426 quae
680 2362 733 2408 res
755 2362 903 2426 quaeque
925 2346 1101 2424 geruntur.

47 2475 102 2522 sae
170 2454 393 2540 Quapropter
416 2458 471 2538 qui
494 2457 659 2522 materiem
682 2476 789 2522 rerum
812 2475 884 2523 esse
906 2461 1058 2540 putarunt

127 2570 234 2653 ignem
257 2577 353 2653 atque
377 2571 506 2654 exigui
529 2591 685 2636 summam
708 2569 885 2634 consistere
908 2569 999 2650 solo,
1140 2543 1145 2554 ⁵

127 2705 243 2768 magno
267 2704 365 2769 opere
389 2705 409 2750 a
431 2704 509 2750 vera
532 2684 615 2768 lapsi
637 2683 761 2748 ratione
778 2682 947 2746 videntur.

129 2799 311 2865 Heraclitus
332 2800 391 2865 init
413 2819 546 2881 qnorum
569 2799 636 2885 dux
660 2797 785 2881 proelia
803 2797 947 2880 primus,

129 2915 235 2980 clarus
258 2914 300 2979 ob
323 2913 492 2978 obscuram
514 2914 658 2998 linguam
681 2912 787 2994 magis
809 2914 891 2977 inter
912 2911 1019 2977 inanis

52 3051 104 3098 sco
130 3027 266 3112 quamde
289 3029 399 3111 gravis
421 3029 504 3093 inter
526 3029 662 3106 Graios,
686 3029 740 3109 qui
762 3047 841 3093 rora
864 3025 1048 3108 requirnnt:

128 3143 236 3208 omnia
259 3145 341 3208 enim
364 3144 471 3210 stolidi
495 3143 597 3228 magis
620 3141 820 3208 admirantur
844 3145 1039 3221 amantque,

130 3258 265 3324 inversis
288 3278 370 3340 quae
393 3258 581 3345 subrverbis
602 3257 763 3322 latitantia
787 3261 942 3331 cernunt,

130 3392 271 3456 veraque
294 3375 487 3440 constituunt
510 3390 594 3454 quae
617 3372 702 3436 belle
724 3378 859 3453 tangore
881 3373 1016 3452 possunt

131 3487 218 3551 auris
241 3492 272 3551 et
293 3488 402 3573 lepido
427 3506 510 3569 quae
534 3491 608 3551 sunt
629 3485 740 3550 fucata
760 3501 898 3550 sonore.

57 3623 107 3670 sss
172 3603 254 3666 Nam
278 3621 333 3665 our
355 3608 421 3666 tarn
443 3601 553 3668 ranae
576 3620 627 3665 res
650 3606 783 3684 possent
804 3615 896 3681 esse,
920 3594 1070 3678 requiro,

132 3736 170 3782 cr
193 3735 256 3779 uno
280 3715 307 3780 si
329 3722 402 3780 sunt
424 3716 494 3798 igni
514 3735 661 3800 puroque
683 3714 836 3781 creatae?

132 3831 175 3896 nil
197 3830 367 3914 prodesset
389 3831 473 3896 enim
497 3831 634 3896 calidum
658 3828 822 3895 denserier
844 3828 951 3910 ignem

132 3964 191 4012 nec
213 3963 287 4010 rare
309 3944 396 4029 fieri,
420 3945 447 4008 si
469 3949 578 4025 partes
600 3945 685 4026 ignis
708 3944 844 4011 eandem

134 4214 182 4262 619
202 4213 270 4276 qnod
296 4211 309 4282 Η
338 4214 387 4260 626
407 4218 524 4262 constant
549 4209 562 4280 Η
590 4213 681 4262 sassi
706 4213 719 4282 ll
746 4215 795 4262 631
815 4211 893 4262 nullis
920 4207 934 4280 il
961 4210 1011 4260 634
1031 4221 1092 4270 quas
1117 4204 1131 4280 Η
1158 4208 1207 4258 639
1227 4209 1259 4258 ob

135 4299 275 4351 ominum.
296 4296 309 4366 Η
330 4301 380 4348 646
399 4299 440 4348 Ex
458 4313 504 4355 nro
