3236 5020
690 377 703 439 1

131 569 190 614 neo
212 569 263 614 res
286 548 352 612 uita
374 547 443 630 geri
465 548 525 612 sub
549 548 629 612 caeli
653 546 793 628 tegmine
815 553 944 630 posset,

131 684 191 730 neo
212 663 296 728 foret
318 663 446 726 omnino
470 662 594 726 caelum
617 679 721 743 neque
743 661 861 724 lumina
884 661 981 742 soti93

37 799 105 846 990
133 779 251 862 quippe
274 778 328 841 ubi
349 778 499 842 materies
522 777 626 841 omnis
648 775 807 840 cumulata
831 775 952 840 iaceret

131 913 172 958 ex
194 892 317 957 infinito
341 891 405 955 iam
428 897 571 975 tempore
593 890 812 955 subsidendo.

129 1013 164 1072 at
186 1027 289 1082 nune,
306 1007 339 1071 ni
361 1006 495 1082 mirum,
511 1007 637 1089 requies
661 1005 737 1070 data
758 1003 987 1089 principiorum

131 1122 319 1206 corporibus
340 1121 479 1200 nullust,
497 1121 572 1203 quia
595 1121 638 1184 nil
660 1127 709 1185 est
731 1118 870 1184 funditus
892 1119 1010 1194 imum,

132 1257 195 1318 quo
219 1237 311 1318 quasi
334 1235 493 1301 confluere
515 1243 547 1301 et
568 1237 663 1301 sedes
686 1236 741 1299 ubi
763 1254 882 1319 ponere
909 1233 1054 1317 possint.

39 1372 103 1418 995
131 1369 260 1434 semper
281 1350 314 1415 in
337 1350 471 1416 adsiduo
494 1356 582 1416 motu
605 1371 659 1415 res
682 1369 827 1431 quaeque
850 1354 1004 1433 geruntur

131 1465 275 1549 partibus
298 1485 316 1530 e
339 1466 481 1540 cunctis,
497 1471 695 1545 aeternaque
717 1462 959 1546 suppeditantur

132 1598 173 1642 ex
195 1579 317 1642 infinito
341 1579 403 1642 cita
426 1597 562 1660 corpora
583 1576 748 1642 materiai.

176 1692 342 1756 Postremo
366 1698 441 1755 ante
464 1691 573 1756 oeulos
595 1711 648 1756 res
671 1711 735 1756 rem
759 1690 848 1755 finire
870 1688 1015 1754 videtur:

136 1813 192 1870 001
214 1805 370 1890 dissaepit
392 1806 484 1870 collis
505 1812 602 1886 atquc
625 1814 703 1870 acra
729 1810 872 1888 montes,

36 1941 115 1988 1000
132 1927 216 1985 terra
239 1940 325 1984 mare
348 1926 380 1984 et
402 1927 512 1984 contra
534 1940 622 1984 mure
644 1927 746 1984 terras
768 1919 915 1984 terminat
937 1918 1060 1983 omnis:

133 2053 227 2099 omne
251 2034 377 2116 quidem
400 2055 476 2099 vero
499 2035 544 2098 nil
566 2041 616 2100 cst
638 2034 723 2116 quod
747 2033 836 2098 finiat
858 2041 968 2125 extra.

131 2156 180 2214 est
201 2148 297 2231 igitur
320 2154 433 2212 natura
455 2149 518 2214 loci
541 2150 742 2234 spatiumque
764 2147 937 2232 profundi,

133 2263 220 2344 quod
242 2282 345 2344 neque
368 2263 455 2327 clara
477 2284 534 2329 suo
558 2283 742 2348 percurrere
765 2263 900 2328 fulmina
926 2283 1019 2328 cursu

131 2382 285 2460 perpetuo
308 2378 432 2462 possint
454 2379 526 2442 aevi
548 2378 691 2444 labentia
714 2385 817 2442 tractu

40 2514 115 2560 1000
133 2500 194 2556 ’1100
215 2511 359 2573 prorsum
383 2492 490 2557 facere
513 2499 547 2554 ut
568 2497 667 2556 restet
687 2492 791 2556 rninus
812 2493 858 2556 ire
882 2492 1039 2556 meando:

132 2606 339 2687 usqueadeo
362 2605 481 2688 passim
505 2610 594 2687 putet
616 2604 732 2683 ingens
755 2607 848 2687 eopia
868 2606 985 2687 rebuS,

134 2720 251 2783 tinibus
274 2719 450 2802 exemptis,
467 2718 498 2780 in
522 2723 653 2781 cunetas
675 2717 815 2799 undique
834 2720 954 2802 partis.

133 2834 206 2916 ipsc
228 2831 354 2896 modurn
378 2852 473 2914 porro
497 2831 559 2896 sibi
582 2852 683 2896 reruni
706 2852 829 2896 sumina
851 2853 966 2917 parare

135 2967 176 3012 ne
198 2946 318 3030 possit,
337 2953 450 3010 nutura
473 2953 580 3026 tenet,
597 2967 680 3028 qnae
704 2967 819 3031 corpus
842 2949 929 3014 inani

46 3085 118 3130 1010
136 3069 167 3127 et
190 3061 274 3144 quod
298 3061 394 3126 inane
418 3067 523 3126 autern
548 3067 596 3126 est
618 3061 701 3125 finiri
724 3082 858 3146 corpore
881 3064 985 3146 cogit,

135 3184 168 3240 ut
191 3177 235 3240 sio
258 3177 389 3240 alternis
412 3176 534 3240 infinita
558 3176 665 3240 omnia
691 3176 825 3240 reddat.

136 3294 191 3353 aut
213 3291 306 3354 etiam
330 3292 535 3374 alterutrum,
554 3290 616 3354 nisi
638 3290 785 3355 terminet
808 3291 961 3369 altorum,
986 3312 1093 3355 eoruur

647 3450 667 3489 ³1<

139 3630 281 3713 sinrplice
303 3639 416 3696 natura
438 3638 547 3717 pateat
569 3641 675 3700 tamen
702 3633 954 3717 inmoderatum,

138 3764 197 3809 nee
219 3765 307 3809 mare
331 3764 389 3808 nec
412 3747 506 3814 tellus
528 3769 634 3830 neque
656 3747 738 3812 caeli
763 3748 869 3814 lucida
890 3749 1008 3832 ternpla

58 3880 123 3926 1010
139 3879 197 3924 neo
220 3859 355 3924 mortale
378 3879 479 3942 genus
504 3882 561 3926 nec
583 3864 689 3928 divum
714 3883 848 3945 corpora
871 3871 984 3928 sancta

139 3973 289 4054 exiguum
311 3980 443 4058 possent
465 3975 554 4038 horai
577 3976 687 4042 sistere
707 3984 852 4061 tempus:

140 4139 339 4150 ¹*—

144 4239 326 4310 9931111110εῆ
347 4245 397 4292 994
416 4241 512 4306 possit.
538 4235 552 4308 Η
578 4241 626 4290 900
647 4257 660 4290 0
679 4243 818 4294 omissum.
841 4241 854 4313 Η
874 4245 1023 4306 infernaque
1047 4241 1060 4312 Η
1086 4247 1152 4292 1008
1171 4245 1229 4308 Ipso
1250 4241 1263 4312 ΙΙ

145 4328 209 4376 1009
230 4328 321 4376 inane.

995 4424 1065 4494 ·3*
