3236 5020
681 393 713 458 ss

131 585 239 631 nonne
260 562 352 630 vides
376 565 470 629 ctiam
492 562 663 647 patefactis
685 568 830 646 tempore
852 568 969 645 puncto

132 679 313 744 carceribus
335 699 399 742 non
421 696 517 760 posse
539 683 647 741 tamen
669 693 876 760 prorumpere
899 694 1053 756 equorum

34 811 98 859 265
132 791 195 856 vim
220 790 369 875 cupidam
391 797 456 855 tam
478 791 519 855 de
542 791 646 855 subito
671 810 767 872 quam
789 809 878 854 mens
899 795 973 853 avet
993 789 1092 872 ipsa?

132 905 237 970 omnis
260 906 344 970 enim
357 956 365 983 ‚
380 913 481 971 totum
504 925 561 989 per
584 924 718 989 corpus,
734 902 882 968 materiai

134 1019 229 1103 copia
251 1021 369 1085 conciri
392 1019 508 1104 debet,
525 1019 649 1084 concita
671 1038 728 1102 per
750 1023 836 1081 artus
974 996 978 1002 ¹

133 1133 237 1199 omnis
260 1141 294 1198 ut
316 1133 454 1199 studium
476 1133 591 1198 mentis
613 1133 729 1197 conixa
751 1137 921 1214 sequatur;

133 1252 169 1310 ut
190 1247 299 1314 videas
320 1248 430 1312 initum
454 1255 557 1312 motos
580 1268 600 1311 a
622 1247 719 1313 corde
733 1245 865 1329 creari,

41 1381 104 1428 aro
135 1381 176 1426 ex
197 1363 359 1445 animique
382 1363 547 1428 voluntate
568 1360 602 1425 id
624 1360 800 1444 procedere
823 1360 979 1444 primum,

135 1474 210 1539 iude
233 1475 303 1540 dari
324 1497 420 1560 porro
443 1497 501 1559 per
520 1482 619 1540 totum
645 1495 761 1557 corpus
784 1481 815 1538 et
837 1479 945 1538 artus.

136 1607 196 1652 nec
218 1588 353 1652 similest
374 1595 409 1652 ut
431 1609 502 1653 cum
523 1587 654 1672 impulsi
676 1586 879 1671 procedimus
901 1587 984 1671 ictu,

137 1700 258 1776 viribus
280 1701 411 1766 alterius
434 1705 556 1786 magnis
579 1721 759 1784 magnoque
782 1708 913 1766 coactu:

138 1834 211 1877 uam
234 1821 298 1878 tum
323 1819 485 1881 materiem
507 1817 604 1882 totius
626 1816 768 1898 corporis
791 1833 915 1880 omnem

47 1948 109 1995 275
137 1929 371 2012 perspicuumst
392 1931 485 1995 nobis
507 1931 615 1996 invitis
637 1931 683 1994 ire
707 1930 862 2013 rapique,

137 2042 240 2109 donec
262 2063 333 2107 eam
356 2043 527 2109 refrenarit
548 2061 606 2126 per
627 2044 770 2108 membra
792 2045 964 2108 voluutas.

136 2154 242 2221 iamne
263 2157 355 2223 vides
377 2159 491 2242 igitur,
508 2177 701 2239 quamquam
725 2158 773 2222 vis
795 2164 907 2223 extera
930 2158 1046 2223 multos

136 2271 237 2354 pellat
258 2278 290 2336 et
309 2271 427 2337 invitos
450 2277 545 2353 cogat
566 2271 743 2354 procedere
766 2289 864 2355 saepe

138 2385 395 2468 praecipitesque
418 2387 505 2470 rapi,
522 2392 631 2449 tamen
654 2404 726 2449 esse
749 2385 782 2449 in
804 2391 932 2468 pectore
953 2391 1062 2449 nostro

54 2519 111 2566 280
139 2498 290 2581 quiddam
315 2499 400 2582 quod
419 2507 535 2564 contra
557 2517 702 2581 pugnare
725 2498 916 2578 obstareque
942 2497 1069 2579 possit?

139 2612 228 2678 ouius
251 2611 296 2675 ad
317 2612 482 2676 arbitrium
506 2631 633 2693 quoque
656 2610 749 2692 copia
773 2609 915 2674 materiai

139 2726 266 2808 cogitur
288 2725 371 2790 inter
393 2725 468 2789 dum
489 2725 573 2789 flecti
596 2743 653 2807 per
676 2723 817 2788 membra
839 2741 896 2807 per
919 2729 1025 2800 artus,

140 2846 175 2904 et
196 2839 340 2923 proiecta
362 2840 541 2903 refrenatur
563 2845 711 2919 retroque
734 2837 864 2902 residit.

140 2974 239 3036 quare
261 2954 295 3017 in
317 2954 492 3018 seminibus
515 2972 640 3035 quoque
663 2952 747 3017 idem
770 2951 890 3016 fateare
912 2959 1097 3031 necessest,

60 3088 112 3136 aso
141 3087 215 3134 esse
238 3069 333 3132 aliam
355 3075 481 3152 practer
502 3068 621 3152 plagas
644 3073 676 3132 et
697 3067 840 3150 pondera
862 3086 992 3132 causam

141 3181 300 3266 motibus,
317 3183 403 3247 unde
426 3183 505 3246 baec
528 3191 576 3247 est
600 3183 691 3247 nobis
713 3182 826 3246 innata
849 3187 1010 3264 potestas;

141 3294 183 3360 de
205 3296 271 3362 nilo
296 3297 443 3378 quoniam
468 3296 536 3360 fieri
558 3297 604 3359 nil
626 3316 723 3379 posse
742 3296 908 3359 videmus.

141 3408 269 3492 pondus
291 3410 376 3474 euim
398 3410 545 3494 prohibet
567 3428 607 3472 ne
629 3409 735 3492 plagis
759 3410 867 3472 omnia
889 3407 966 3470 fiant

145 3529 281 3588 externa
303 3524 394 3606 quasi
416 3526 467 3588 vi:
485 3524 543 3590 sed
567 3542 607 3587 ue
629 3541 720 3586 mens
741 3522 813 3604 ipsa
835 3539 1002 3585 necessum

66 3655 117 3702 roo
145 3637 326 3702 intestinum
349 3637 466 3702 babeat
487 3639 607 3703 eunctis
629 3637 661 3700 in
683 3637 780 3700 rebus
801 3635 935 3717 agendis

145 3759 179 3816 et
200 3752 325 3817 devicta
347 3751 438 3832 quasi
462 3751 496 3815 id
520 3758 652 3834 cogatur
678 3751 762 3816 ferre
785 3751 934 3833 patique,

151 4053 203 4100 264
220 4065 344 4113 quorum.
364 4048 377 4118 Η
398 4052 448 4099 266
468 4049 606 4098 materiae.
627 4047 641 4117 ii
661 4054 711 4100 268
731 4067 828 4101 conexa
849 4048 862 4119 ΙΙ
882 4053 932 4100 275
952 4051 1117 4114 Perspicuum
1139 4053 1237 4102 nobisst
1256 4049 1270 4120 ΙΙ

151 4139 202 4186 278
220 4137 305 4186 Pallet
324 4133 338 4205 ΙΙ
359 4140 408 4186 279
428 4136 494 4200 rapit
514 4135 527 4203 Η
548 4135 705 4185 iectcreno.
727 4134 740 4204 ΙΙ
761 4140 808 4186 281
831 4138 921 4207 conat}
936 4141 987 4188 283
1006 4138 1116 4188 residia.
1136 4134 1149 4206 Η
1170 4141 1220 4188 289
1239 4154 1271 4189 ne

151 4238 190 4282 res
210 4222 223 4292 ΙΙ
245 4226 293 4272 291
314 4224 389 4288 queei
409 4232 516 4289 cogatur

1048 4323 1070 4386 4
