3266 4994
353 382 412 444 144
886 375 943 438 llll

350 555 382 614 et
402 547 530 612 facilest
551 546 656 630 factu,
674 548 824 627 quoniam
848 545 1017 610 coniuncta
1039 551 1185 610 tenetur.

273 683 324 730 890
348 662 424 726 inde
448 681 487 725 ea
509 681 664 745 proporro
688 680 803 744 corpus
825 659 914 736 ierit,
930 667 1025 742 atque
1048 660 1093 725 ita
1116 666 1183 724 tota

347 775 501 860 paulatim
525 775 626 839 moles
647 774 841 858 protruditur
863 780 958 855 atque
981 781 1145 840 movetur.

349 896 516 974 praeterea
537 895 601 952 tum
625 889 756 954 rarescit
772 909 898 971 quoqne
922 909 1057 973 corpus,
1075 897 1106 955 et
1127 897 1203 966 a'e‘r,

349 1003 487 1087 scilieet,
505 1009 540 1067 ut
562 1004 657 1069 debet
680 1004 733 1085 qui
756 1025 882 1088 semper
902 1004 1028 1069 mobilis
1051 1011 1157 1082 extat,

348 1140 406 1204 per
426 1118 590 1203 patefacta
611 1119 699 1183 venit
721 1123 927 1202 penetratque
950 1119 1108 1184 foramina
1130 1119 1259 1202 largus,

273 1257 323 1303 890
349 1242 380 1298 et
402 1234 598 1318 dispargitur
619 1234 661 1298 ad
684 1233 783 1316 partis
805 1233 849 1298 ita
872 1253 1017 1316 quasque
1039 1234 1175 1298 minutas

352 1349 514 1432 corporis.
532 1348 583 1411 hie
604 1347 700 1430 igitur
724 1350 819 1416 rebus
841 1349 875 1412 fit
897 1349 1055 1430 utrimque
1078 1348 1223 1424 duabus,

348 1462 491 1547 corporis
515 1469 546 1524 ut
568 1461 659 1527 navis
681 1462 761 1526 velis
785 1468 945 1545 ventoque
969 1462 1109 1528 seratur.

349 1598 408 1643 nec
429 1583 536 1641 tamen
557 1577 636 1641 illud
659 1577 692 1641 in
715 1576 765 1642 his
787 1579 882 1642 rebus
905 1578 1051 1643 mirabile
1074 1581 1219 1660 constat,

350 1694 472 1756 tantula
495 1694 580 1773 quod
604 1698 724 1756 tantum
748 1713 864 1775 corpus
886 1693 1077 1777 corpuscula
1099 1699 1233 1776 possunt

275 1831 325 1877 900
351 1815 561 1888 contorquere
583 1813 614 1871 00
636 1827 717 1871 0000
740 1813 839 1871 totum
863 1815 1045 1874 convertere
1069 1813 1230 1872 nostrum:

324 1907 468 2007 'quippe
491 1922 608 1988 etenim
635 1929 747 1988 ventus
771 1923 879 2007 suptili
902 1943 1035 2006 corpore
1057 1924 1160 1987 tenvis

348 2041 445 2104 trudit
468 2058 568 2120 agens
591 2059 742 2120 magnam
766 2060 881 2123 magno
906 2039 1067 2104 molimine
1091 2057 1225 2113 navem,

350 2162 382 2220 00
404 2175 518 2220 010000
540 2175 604 2218 000
627 2155 707 2237 regit
730 2162 849 2237 quanto
873 2154 921 2218 vis
943 2153 1062 2237 impete
1085 2158 1213 2218 euntem

350 2278 445 2352 atque
469 2270 698 2351 gubernaclum
722 2271 911 2351 contorquet
934 2290 995 2350 quo
1018 2269 1097 2334 libet
1118 2289 1235 2351 unum,

276 2407 325 2454 905
350 2388 533 2468 multaque,
551 2405 608 2470 per
631 2386 822 2450 trocleas⁰et
844 2391 1017 2471 tympana,
1035 2384 1180 2469 pondera
1201 2401 1323 2464 magna

351 2506 529 2566 commovet
552 2507 649 2582 atque
672 2500 734 2566 levi
757 2499 895 2564 sustollit
916 2500 1064 2565 machina
1086 2501 1177 2564 nisu.

389 2618 482 2681 Nunc
506 2616 620 2698 quibus
643 2616 696 2680 ille
719 2614 822 2680 modis
845 2635 975 2680 somnus
997 2633 1055 2697 per
1075 2613 1219 2677 membra
1244 2611 1380 2693 quietem

249 2815 252 2818 Ι
349 2731 467 2813 inriget
489 2736 586 2811 atquc
609 2729 709 2794 animi
732 2749 823 2794 curas
847 2749 865 2793 e
886 2734 1015 2812 pectore
1038 2729 1161 2811 solvat,

352 2844 525 2910 suavidicis
547 2845 653 2929 potius
676 2865 770 2927 quam
794 2843 901 2908 multis
924 2842 1068 2908 versibus
1091 2843 1185 2908 edam
1198 2864 1206 2920 ;

276 2983 326 3029 910
351 2979 471 3046 parvus
494 2964 528 3022 ut
550 2964 609 3030 et.
621 2960 712 3043 cycni
735 2958 847 3021 melior
869 2977 987 3038 canor,
1003 2960 1057 3023 ille
1080 2978 1192 3041 gruum
1216 2974 1309 3037 quam

266 3135 271 3146 ,
352 3074 473 3142 clamor
495 3073 527 3137 in
550 3072 701 3139 aetheriis
724 3065 1048 3170 dispersuspubibus
1072 3071 1191 3137 austri.

351 3196 384 3253 00
405 3188 481 3252 mihi
505 3189 548 3252 da
570 3189 673 3254 tenuis
696 3209 789 3254 aures
811 3191 1015 3271 animumque
1038 3205 1210 3269 sagacem,

351 3323 391 3368 ne
414 3303 483 3367 fieri
506 3302 630 3384 negites
654 3323 737 3385 qnae
762 3305 865 3370 dicam
890 3323 1007 3389 posse,
1023 3309 1172 3383 retroque

350 3437 425 3481 vera
448 3416 622 3500 repulsanti
645 3415 793 3482 discedas
815 3425 945 3503 pectore
968 3418 1072 3498 dicta,

278 3551 327 3598 915
352 3535 485 3596 tutemet
507 3530 655 3614 inculpa
677 3552 748 3596 cum
771 3532 816 3597 sis
838 3552 941 3616 neque
965 3549 1094 3595 eernere
1116 3527 1242 3611 possis.

350 3643 507 3728 principio
531 3666 662 3711 somnus
684 3647 719 3710 fit
740 3646 794 3710 ubi
817 3652 866 3712 cst
888 3647 1039 3711 distracta
1060 3663 1118 3728 per
1140 3647 1227 3706 artus

350 3757 399 3822 vis
422 3759 549 3824 animae
571 3761 751 3844 partimque
773 3761 860 3825 foras
883 3761 987 3825 eiecta
1008 3757 1140 3822 recessit

351 3878 383 3936 et
405 3874 517 3957 partim
542 3881 690 3937 contrusa
713 3873 816 3953 magis
840 3872 996 3937 concessit
1017 3873 1050 3936 in
1073 3873 1192 3937 altum:

352 3983 569 4053 dissoluuntur
591 3985 675 4049 enim
697 3991 763 4049 tum
785 3986 912 4084 demum
936 3989 1078 4052 membra
1100 3987 1283 4068 fluuntque.

358 4259 408 4306 889
422 4257 517 4305 sactum
538 4254 551 4326 ΙΙ
571 4259 622 4307 890
635 4229 700 4321 perit
718 4255 732 4327 Η
754 4261 803 4308 897
817 4267 876 4309 utae
896 4257 909 4330 Η
929 4263 979 4310 899
993 4260 1106 4309 Tantuia
1119 4257 1133 4326 ΙΙ
1148 4261 1198 4308 905
1211 4258 1322 4320 pondere
1335 4271 1445 4318 magno.
1461 4251 1476 4323 Η

357 4346 406 4393 907
420 4345 489 4392 modi
510 4342 522 4412 Η
543 4347 644 4407 quiete.
664 4343 678 4414 ΙΙ
699 4349 748 4397 909
768 4346 913 4396 Suautdicis
933 4347 946 4414 Η
968 4349 1018 4395 910
1038 4347 1152 4394 Tutimet
