3266 4994
219 1391 224 1400 1
469 1293 516 1374 T.
547 1291 841 1375 LUORETI
872 1290 1029 1374 CARI

244 1603 246 1612 ,
290 1527 408 1624 DE
454 1527 776 1626 RERUM
819 1527 1198 1631 NATURA

542 1775 684 1839 LIBER
711 1775 948 1852 QUARTUS.

183 2247 290 2374 [Avia
312 2289 472 2354 Pieridum
496 2310 633 2373 peragro
656 2290 729 2355 laea
751 2291 869 2356 nullius
893 2297 967 2355 ante

181 2403 255 2468 trita
276 2403 365 2468 solo.
382 2404 470 2468 iuvat
492 2403 635 2487 integros
658 2405 813 2471 accedere
836 2404 934 2470 lentis

183 2523 280 2600 atque
304 2518 451 2601 haurire,
468 2518 616 2601 iuvatque
638 2539 740 2584 novos
764 2519 935 2602 decerpere
959 2517 1053 2583 flores

184 2632 404 2716 insignemque
426 2653 497 2697 meo
521 2633 616 2717 <rapiti
641 2640 747 2716 petere
769 2632 844 2697 inde
868 2653 1042 2715 eoronam,

144 2769 158 2814 5
185 2746 269 2810 unde
291 2746 381 2830 priua
403 2746 483 2810 nulli
506 2747 642 2812 velarint
664 2752 811 2832 tempora
832 2765 966 2825 musae3
1136 2834 1139 2843 Ι

185 2861 319 2946 primum
343 2861 429 2944 quod
451 2859 577 2942 magnis
602 2859 701 2924 doceo
727 2859 767 2924 de
790 2860 884 2925 rebus
908 2866 940 2926 et
962 2860 1039 2924 artis

183 2975 370 3058 religionum
393 2976 534 3040 animum
556 2973 650 3039 nodis
675 2975 840 3040 exsolvere
862 2995 983 3060 pergo,

185 3089 302 3154 deinde
327 3089 412 3171 quod
435 3090 572 3154 obseura
595 3089 634 3154 de
656 3109 691 3153 re
713 3095 780 3154 tarn
803 3091 910 3155 lucida
932 3110 1039 3174 pango

186 3204 349 3287 earmina,
365 3189 494 3268 inusaeo
519 3205 708 3286 contingens
732 3212 845 3269 cuneta
869 3207 997 3289 lepore.

131 3339 162 3384 10
186 3317 219 3382 id
242 3337 368 3400 quoque
391 3317 472 3382 enirn
497 3340 563 3383 non
587 3320 628 3383 ab
650 3319 741 3382 nulla
763 3320 886 3383 ratione
908 3318 1051 3382 videtur:

188 3453 260 3497 narn
283 3434 335 3498 vel
358 3433 403 3496 uti
425 3433 534 3516 pueris
558 3433 719 3497 absinthia
741 3437 843 3496 taetra
865 3432 1029 3495 medentes

186 3567 256 3611 eum
279 3548 357 3612 dara
380 3554 555 3625 canantur,
572 3547 660 3632 prius
682 3546 911 3631 01·aa,poeula
933 3545 1070 3622 circum,

187 3661 374 3743 contingunt
394 3662 498 3727 mellis
521 3661 605 3726 dulei
629 3659 777 3741 flavoque
799 3661 944 3742 liquore,

186 3779 219 3837 ut
239 3794 408 3857 puerorum
432 3781 520 3840 aetas
542 3775 710 3858 inprovida
731 3773 912 3840 ludificetur

129 3908 161 3954 ra
186 3887 345 3953 labrorum
367 3894 480 3965 tenus,
496 3889 620 3955 interea
641 3895 787 3974 perpotet
809 3909 953 3954 amarum

187 4003 326 4068 absinthi
350 4003 495 4085 laticem,
513 4002 714 4086 deceptaque
736 4023 801 4068 non
824 4004 987 4087 capiatur,
1078 4031 1083 4039 ·

186 4116 244 4182 sed
265 4118 371 4200 potius
395 4117 451 4182 tali
474 4121 568 4201 paeto
591 4122 735 4180 recreata
757 4119 921 4195 valescat,

189 4274 390 4284 —-·——--—

191 4361 207 4408 8
226 4361 328 4424 pando.
349 4359 362 4428 ll
385 4363 417 4409 14
435 4361 467 4410 Et
486 4357 500 4430 Η
525 4363 555 4408 17
577 4365 661 4408 ataeto
