3266 4994
672 378 701 440 V

131 568 208 630 qnae
230 567 369 628 cumque
390 548 474 612 inter
496 567 532 612 se
554 552 686 630 possent
708 567 881 628 congressa
903 567 1034 626 343343,

130 666 295 744 propterea
318 661 353 725 fit
375 661 419 726 uti
440 681 592 742 magnum
615 661 745 744 volgata
766 679 825 744 per
846 682 959 727 aevom

129 795 216 839 omne
239 795 347 856 genus
369 781 479 840 coetus
502 781 534 840 et
556 780 660 840 motus
682 774 878 858 experiundo

128 887 255 952 tandem
279 889 475 953 conveniant
498 907 538 954 ca
560 909 645 970 quae
667 895 822 954 convecta
845 893 977 973 repente

64 1021 104 1066 433
127 1021 320 1082 magnarum
342 1022 447 1067 rernm
469 1002 547 1066 fiunt
569 1002 703 1068 exordia
727 1023 872 1087 semper,

125 1115 220 1178 terrai
233 1116 346 1210 ,433414
368 1121 400 1180 31
421 1116 504 1180 caeli
524 1116 716 1200 generisque
737 1116 954 1182 animantum.

162 1230 222 1294 llic
244 1207 354 1312 neque
377 1235 442 1293 tum
465 1229 542 1295 solis
563 1235 635 1292 4313
657 1229 744 1293 33431
766 1231 885 1296 lumine
907 1231 999 1314 largo

126 1342 299 1408 altivolans
321 1347 447 1426 poterat
468 1361 529 1408 nec
550 1343 660 1425 magni
683 1341 790 1407 sidera
811 1344 921 1408 mnndi

125 1476 180 1521 nec
200 1476 295 1521 mare
317 1476 377 1522 nec
399 1456 523 1521 caelum
546 1475 606 1520 nec
629 1456 768 1539 denique
792 1463 877 1522 terra
898 1476 1002 1539 nequo
1023 1466 1082 1524 'ae’r

62 1587 104 1633 433
131 1589 190 1634 333
213 1570 332 1636 similis
355 1561 469 1636 nostris
492 1570 587 1635 rebus
608 1589 661 1635 434
683 1570 750 1634 3113
771 1570 891 1646 videri,
993 1613 999 1621 -

127 1682 185 1747 sed
207 1705 296 1749 nova
318 1690 491 1769 tempestas
513 1685 671 1766 quaedam
692 1684 859 1766 molesque
881 1691 991 1780 coorta

63 1816 106 1861 443
129 1818 222 1880 pmne
245 1819 351 1881 genus
373 1800 413 1864 dc
435 1799 618 1883 principiis,
636 1797 796 1864 discordia
819 1820 952 1881 quorum

129 1912 300 1979 intervalla
322 1912 393 1978 vias
416 1933 557 1978 conexus
580 1913 724 1996 pondera
745 1913 862 1998 plagas

128 2045 302 2094 concursus
324 2035 429 2093 motus
450 2028 600 2092 turbabat
621 2027 746 2112 proelia
768 2029 924 2112 miscens,

128 2149 258 2228 propter
282 2143 445 2208 dissimilis
467 2141 589 2206 formas
610 2143 780 2222 variasque
802 2141 921 2225 figuras

129 2257 215 2336 qnod
238 2278 307 2324 non
329 2257 437 2323 omnia
459 2258 506 2322 sic
527 2263 675 2340 poterant
697 2255 866 2321 coniuncta
888 2275 1018 2322 manere

70 2383 107 2432 443
129 2388 187 2436 433
209 2379 317 2437 motus
338 2372 421 2436 inter
442 2390 514 2436 sese
537 2370 616 2435 (1343
639 2369 875 2435 convenientis.

66 2497 105 2543 434
129 2483 287 2568 diffugere
309 2485 383 2552 inde
405 2487 467 2550 loci
489 2491 597 2570 partes
621 2503 774 2567 coepere,
791 2503 947 2566 paresque

127 2601 351 2686 comparibus
374 2601 462 2684 iungi
486 2620 536 2664 res
559 2605 590 2662 et
612 2597 793 2662 discludere
815 2596 967 2661 mundum

128 2717 338 2797 membraque
360 2714 503 2780 dividere
527 2721 558 2778 et
579 2733 717 2793 magnas
739 2711 911 2794 disponere
933 2719 1060 2796 partes,

66 2825 188 2894 4441433
211 2837 319 2912 341,3
342 2829 433 2894 134414
456 2829 555 2892 altum
577 2847 746 2892 secernere
769 2824 915 2904 caelum,

128 2948 307 3011 3143443444
329 2963 416 3008 mare
439 2943 482 3007 uti
507 2948 630 3007 secreto
654 2961 764 3006 umore
787 2947 931 3025 pateret,

128 3075 258 3126 seorsus
280 3059 353 3122 item
375 3058 447 3146 puri
469 3057 646 3139 secretique
668 3057 807 3123 aetheris
829 3057 941 3141 ignes.

166 3172 296 3258 Quippe
320 3173 435 3238 etenim
458 3173 594 3256 primum
618 3172 716 3237 terrai
739 3192 873 3256 corpora
896 3192 1065 3257 quaeque,

64 3295 105 3344 443
127 3295 301 3374 propterea
324 3285 409 3369 quod
431 3293 523 3351 344431
543 3287 659 3370 gravia
682 3293 713 3351 et
734 3286 910 3371 perplexa,
928 3287 1054 3351 coibant

126 3397 160 3463 in
181 3401 292 3467 medio
315 3405 411 3481 atque
434 3401 518 3465 imas
540 3401 709 3484 capiebant
731 3381 839 3464 omnia
863 3397 977 3480 sedes3

128 3535 212 3596 quac
235 3521 354 3598 quanto
377 3514 480 3596 magis
503 3513 584 3577 inter
606 3533 640 3577 se
662 3513 817 3597 perplexa
840 3510 990 3591 coibant,

129 3634 193 3696 tam
217 3631 319 3712 magis
341 3646 528 3713 expressere
551 3646 590 3693 33
613 3645 695 3708 quac
718 3645 807 3690 mare
829 3623 936 3690 sidera
959 3625 1059 3691 solem

129 3742 303 3828 lunamque
326 3742 490 3809 efficerent
512 3749 544 3808 31
565 3743 673 3830 magni
695 3740 822 3806 moenia
843 3740 973 3805 mundi:

63 3865 106 3917 433
131 3860 239 3924 omnia
261 3857 346 3924 enim
369 3858 473 3940 magis
496 3858 578 3924 haec
601 3877 619 3922 3
641 3856 765 3922 levibus
787 3863 884 3936 atquc
907 3858 1051 3922 rutundis

134 4161 184 4208 428
204 4159 360 4223 omnigenus
386 4156 399 4225 ll
424 4160 474 4208 429
500 4167 623 4208 conventa
649 4155 662 4225 ΙΙ
687 4157 838 4206 43013331
862 4154 876 4225 ll
901 4173 992 4220 saepe.
1012 4155 1026 4222 Η
1050 4158 1099 4204 431
1121 4155 1214 4203 Τ34433
1240 4150 1253 4221 {l

133 4249 183 4296 433
211 4247 271 4296 Alte
293 4246 380 4294 volsus
409 4240 422 4312 ΙΙ
451 4246 502 4294 440
527 4242 683 4306 Omnigeuus
706 4259 720 4294 e
750 4244 762 4309 ,l
792 4247 841 4294 441
868 4243 910 4292 vis
938 4240 951 4311 ΙΙ
980 4245 1030 4292 437
1054 4240 1131 4290 indue
1159 4236 1173 4306 ΙΙ
1203 4240 1253 4290 439

134 4347 227 4400 magna
247 4331 260 4401 ll
280 4336 330 4382 447
349 4348 423 4381 34334
443 4328 456 4400 ll
477 4332 527 4380 449
548 4340 629 4380 terrae
