3236 5020
330 386 368 449 12
711 415 715 424 ·
880 386 895 448 I

254 575 303 620 275
329 553 504 636 silvifragis
526 563 622 618 vexat
643 555 771 619 flabris:
794 555 838 618 ita
862 555 995 637 perfurit
1018 556 1082 618 acri

324 687 394 730 cnm
418 667 545 734 fremitu
568 669 735 750 saevitque
759 669 874 734 minaci
899 689 1056 732 murmure
1080 679 1216 734 ventus,

326 789 398 846 sunt
419 783 515 866 igitur
537 783 642 860 venti,
667 784 697 846 ni
722 783 853 866 mirum,
878 803 1013 866 corpora
1036 803 1153 866 caeca,

326 916 409 976 quae
432 917 538 974 mare‚
563 917 645 978 quae
667 903 790 979 terrae,
815 917 898 977 quae
923 897 1061 978 (lenique
1086 898 1194 962 nubila
1218 899 1298 963 caeli

326 1018 456 1075 verrunt
478 1031 517 1076 ac
540 1012 644 1076 subito
669 1012 818 1075 vexantia
840 1012 966 1076 turbine
990 1017 1136 1094 raptant,
1223 1029 1237 1046 ·

252 1146 302 1190 nac
325 1144 385 1189 uec
408 1125 529 1188 ratione
552 1125 654 1189 fluunt
676 1125 741 1190 alia
765 1131 966 1206 stragemque
989 1131 1189 1208 propagant,

323 1245 445 1302 etcum
470 1239 576 1303 mollis
598 1259 702 1320 aquae
725 1237 825 1302 fertur
848 1246 962 1304 natura
984 1245 1113 1322 repente

324 1351 453 1417 flumine
476 1354 672 1431 abundanti,
696 1374 791 1434 quam
815 1355 915 1435 largis
936 1354 1091 1449 imbribus
1114 1361 1211 1436 auget

325 1467 483 1531 montibus
506 1488 546 1532 ex
568 1469 642 1533 altis
665 1488 800 1550 magnus
823 1469 978 1533 decursus
1002 1468 1118 1552 aquai,

323 1580 481 1663 fragmina
504 1583 663 1648 coniciens
687 1585 841 1648 silvarum
865 1584 1059 1663 arbustaque
1082 1589 1169 1663 tota,

251 1716 300 1761 aas
324 1715 382 1760 nec
404 1696 502 1759 validi
526 1705 659 1780 possunt
681 1705 794 1780 pontes
816 1697 974 1762 venientis
997 1698 1093 1777 aquai

322 1810 384 1872 vim
409 1811 543 1874 subitam
567 1811 724 1875 tolerare:
749 1811 795 1874 ita
817 1831 934 1889 magno
958 1810 1104 1875 turbidus
1126 1811 1218 1874 imbri

323 1924 460 1989 molibus
483 1925 633 2008 incurrit,
658 1924 772 1988 validis
796 1944 866 1986 cunr
890 1923 1028 2005 viribus,
1052 1923 1174 1998 amnis,

323 2038 379 2102 dat
402 2039 508 2103 sonitu
530 2060 648 2121 magno
672 2044 832 2118 stragem,
856 2037 1017 2116 volvitque
1041 2037 1100 2100 sub
1123 2035 1217 2098 undis

321 2151 458 2235 grandia
481 2174 580 2228 saxa,
604 2153 729 2232 ruitque
752 2151 796 2214 ita
819 2149 973 2230 quidquid
996 2149 1145 2213 fluctibus
1167 2151 1291 2214 obstat.

250 2289 299 2334 ano
323 2267 368 2332 sic
392 2267 487 2350 igitur
510 2267 628 2330 debent
649 2267 735 2331 venti
760 2284 887 2346 quoqne
910 2264 1040 2328 flamina
1061 2263 1158 2340 ferri,

323 2402 407 2463 quae
428 2382 479 2445 vel
502 2383 546 2444 uti
570 2382 710 2445 validum
734 2401 804 2444 cum
827 2379 945 2446 flumen
967 2381 1164 2463 procubuere

323 2517 418 2578 quam
441 2496 519 2560 libet
539 2496 572 2559 in
596 2503 737 2579 partem,
762 2496 889 2560 trudunt
912 2514 964 2560 res
987 2503 1060 2560 ante
1087 2503 1240 2578 ruuntque

320 2612 489 2695 impetibus
513 2612 652 2684 crebris.
675 2612 758 2676 iuter
781 2611 855 2675 dum
877 2612 995 2676 vertice
1018 2619 1100 2676 torto

323 2726 496 2808 corripiunt
517 2727 696 2810 rapideque
719 2729 837 2792 rotanti
860 2727 986 2792 turbine
1009 2734 1157 2811 portant.

249 2862 299 2907 295
324 2859 423 2920 quare
445 2841 539 2904 etiam
562 2847 657 2920 atque
680 2840 775 2914 etiam
799 2848 872 2904 sunt
894 2843 980 2905 venti
1003 2863 1138 2926 corpora
1160 2864 1278 2926 caeca,

323 2953 581 3036 qnandoquidem
605 2953 698 3017 factis
723 2962 752 3016 et
774 2955 916 3017 moribus
939 2957 1066 3018 aemula
1090 2959 1213 3038 magnis

322 3068 468 3134 amnibus
490 3067 711 3150 inveniuntur,
736 3074 848 3150 aperto
872 3086 1005 3149 corpore
1028 3068 1197 3146 quisunt.

321 3191 387 3248 tum
409 3203 504 3266 porro
529 3182 637 3246 varios
660 3201 764 3245 rerum
787 3181 941 3245 sentimus
964 3181 1100 3255 odores

320 3318 381 3363 nec
403 3304 509 3362 tamen
532 3317 571 3360 ac
595 3296 682 3360 naris
704 3296 860 3361 venientis
883 3295 1039 3359 cernimus
1063 3315 1234 3376 nmquam,

249 3436 299 3481 :roo
321 3433 381 3478 nec
405 3413 528 3478 calidos
550 3418 658 3477 aestus
680 3411 816 3493 tuimur,
841 3429 899 3475 nec
921 3408 1043 3493 frigora
1066 3410 1191 3491 quimus

321 3547 477 3611 usurpare
501 3528 621 3609 oculis,
646 3547 704 3591 nec
726 3546 821 3592 voces
845 3543 975 3590 cernere
999 3543 1144 3600 suemus;

322 3661 405 3723 quae
428 3648 536 3705 tamen
559 3641 667 3704 omnia
691 3661 846 3723 corporea
869 3644 1015 3703 constare
1038 3647 1200 3702 necessest

322 3763 457 3833 natura,
482 3756 634 3837 qnoniam
657 3775 771 3820 sensns
792 3753 946 3839 inpellere
969 3758 1120 3835 possunt:

321 3877 454 3953 tangere
476 3870 557 3932 enim
582 3875 613 3932 et
635 3868 746 3948 tangi,
772 3869 833 3932 nisi
857 3887 990 3950 corpus,
1014 3867 1104 3932 nulla
1125 3875 1230 3950 potest
1252 3888 1324 3934 res.

247 4005 297 4051 305
323 3983 460 4064 denique
482 3983 660 4066 fluctifrago
683 4002 859 4066 suspensae
881 3983 914 4046 in
937 3981 1028 4046 litore
1050 3990 1155 4048 vestes

325 4251 374 4298 276
388 4257 496 4314 pontus.
518 4247 530 4317 Η
553 4250 691 4313 torquem
712 4249 724 4319 li
746 4252 923 4301 nocturnium
944 4248 956 4320 Η
977 4254 1026 4302 289
1040 4252 1091 4300 ruit
1104 4265 1154 4314 qna
1167 4249 1289 4312 quidquid
1308 4247 1321 4316 ΙΙ
1342 4252 1392 4298 294
1406 4264 1444 4299 ra·

324 4339 429 4406 pidiqne
