3266 4994
646 472 651 479 ,
693 403 752 466 ΠΠ

156 577 191 642 fit
213 575 305 660 quasi
326 579 361 638 ut
383 573 424 639 ad
446 578 571 640 tornum
596 594 745 638 saxorum
769 579 887 640 strueta
909 579 1053 639 tuamur:

158 712 220 756 nun
242 696 352 755 tamen
374 694 409 753 ut
431 709 537 754 coram
561 708 642 769 quae
665 695 740 753 sunt
761 708 901 772 vereque
922 688 1078 764 rutunda,

159 805 215 870 sed
238 805 330 885 quasi
353 803 565 869 adumbratim
590 803 719 886 paulum
743 802 893 867 simulata
915 802 1080 867 videntur.

101 937 107 944 ’
155 921 268 984 umbra
290 918 416 984 videtur
438 918 513 983 item
538 918 630 983 nubis
652 917 685 980 in
708 916 775 981 3013
798 917 918 982 moveri

79 1053 133 1100 333
160 1037 192 1096 01
213 1032 350 1114 vestigia
372 1039 481 1097 nostra
504 1031 595 1113 sequi
617 1037 806 1112 gestumque
828 1031 965 1110 imitari3

156 1153 232 1210 adra
254 1146 281 1210 si
305 1145 406 1211 eredis
428 1147 588 1230 privatum
611 1145 730 1210 lumine
747 1165 850 1229 posse
1024 1137 1026 1140 ⁵

154 1260 345 1342 indugredi,
361 1265 465 1325 motus
488 1260 649 1323 huminum
673 1266 860 1341 gestumque
884 1265 1089 1340 sequentem:

155 1394 231 1438 nam
253 1373 298 1439 nil
322 1394 392 1439 esse
414 1379 521 1458 petest
544 1374 624 1438 aliut
645 1374 706 1437 nisi
723 1374 841 1438 lumine
864 1393 976 1438 cassus

157 1495 213 1552 ae'r
235 1488 268 1552 id
290 1488 376 1569 quod
400 1509 459 1552 303
481 1488 627 1552 umbram
649 1486 819 1570 perhibere
841 1494 987 1552 suemus.

79 1623 132 1670 330
155 1603 189 1666 ni
211 1601 344 1686 mirum,
361 1599 436 1684 quia
457 1608 543 1667 terra
564 1601 643 1666 loeis
667 1621 707 1666 ex
730 1601 841 1666 ordine
865 1603 959 1666 certis

155 1717 273 1781 lumine
295 1718 438 1801 privatur
460 1717 538 1780 sniis
562 1737 626 1797 qua
648 1735 782 1798 eumque
806 1721 970 1780 meantes

156 1831 331 1905 efficimus,
348 1831 487 1914 repletur
507 1832 582 1894 item
607 1829 692 1910 quod
715 1830 866 1910 liquimus
889 1831 976 1912 eius,

156 1952 326 2028 propterea
348 1946 383 2008 iit
404 1945 448 2008 uti
472 1943 636 2028 videatur,
655 1963 738 2025 quae
760 1943 819 2006 fuit
840 1943 953 2007 umbra

157 2061 354 2144 eorporis‚e
379 2059 509 2140 regione
533 2059 647 2124 eadem
670 2078 854 2138 nasusque
877 2066 1004 2126 secuta.

78 2195 130 2242 375
157 2194 284 2258 semper
307 2175 390 2239 enim
414 2156 498 2238 ndva
520 2195 554 2238 se
577 2174 735 2237 radiorum
759 2173 882 2237 lumina
904 2174 1040 2238 tundunt

155 2289 324 2372 primaque
348 2288 551 2372 dispereunt,
569 2289 660 2370 quasi
683 2289 714 2351 in
737 2289 843 2371 ignem
867 2289 942 2353 iana
964 2289 1127 2354 trahatur.

154 2409 327 2486 propterea
349 2401 447 2467 faeile
470 2409 501 2467 et
522 2403 678 2486 spoliatur
699 2403 818 2466 iumine
840 2408 945 2484 terra,

156 2523 187 2580 et
209 2517 349 2600 repletur
370 2517 444 2581 item
467 2517 640 2598 nigrasque
663 2517 725 2581 sibi
748 2517 846 2579 abluit
868 2517 1017 2580 umbras.

194 2631 264 2694 Nee
284 2635 392 2696 tamen
414 2631 466 2695 hie
489 2631 600 2694 000103
622 2630 690 2692 salli
714 2629 917 2694 concedimus
940 2629 1059 2693 hilum.

80 2763 131 2810 330
157 2763 231 2807 nam
255 2766 317 2826 quo
342 2765 478 2826 eumque
501 2747 572 2809 1000
596 2744 637 2809 sit
658 2744 711 2807 lux
733 2750 827 2824 atque
850 2745 963 2808 umbra
985 2745 1064 2809 tueri

156 2859 283 2922 illorum
306 2865 374 2925 est:
391 2861 504 2925 eadem
528 2879 603 2924 vero
627 2859 690 2923 sint
711 2859 832 2922 lumina
854 2878 974 2936 necne,

156 2974 331 3054 umbraque
354 2994 437 3054 quae
460 2975 520 3038 fuit
542 2973 593 3038 hie
616 2973 730 3038 eadem
753 2993 837 3038 nunc
859 2980 1001 3039 transeat
1022 2975 1117 3052 illue,

156 3109 199 3152 an
221 3089 326 3172 potius
347 3089 403 3152 tat
424 3090 521 3172 paulo
545 3090 630 3170 quod
655 3089 791 3182 diximus
814 3096 906 3162 ante,

156 3201 216 3267 hue
239 3203 335 3266 animi
359 3203 483 3268 demum
507 3205 587 3267 ratio
610 3204 790 3269 disseruere
813 3205 927 3281 debet,

82 3336 133 3380 330
158 3335 217 3380 nee
238 3323 372 3400 possunt
395 3318 479 3383 oculi
502 3325 645 3382 naturam
668 3337 802 3382 noscere
824 3338 949 3381 rernm.

157 3430 290 3512 preinde
313 3432 409 3495 animi
431 3432 542 3496 vitium
564 3431 626 3496 hoe
648 3432 748 3495 oeulis
772 3430 937 3511 adfingere
959 3431 1045 3494 nuli.

157 3563 220 3625 qua
240 3545 381 3610 vehimur
404 3547 496 3630 navi,
513 3546 632 3623 fertur,
649 3565 718 3610 eum
742 3549 827 3610 stare
850 3545 994 3609 videtur:

156 3677 239 3739 quae
261 3666 370 3724 manet
390 3663 424 3723 in
446 3661 603 3737 statione,
620 3680 659 3725 03
681 3665 809 3743 praeter
832 3659 970 3725 ereditur
992 3662 1058 3726 ire.

155 3776 187 3836 et
209 3772 322 3854 fugere
345 3774 388 3838 ad
410 3776 541 3857 puppim
564 3775 661 3842 eolles
684 3774 852 3858 campique
874 3775 1040 3854 videntur,

79 3905 131 3952 330
157 3905 238 3992 quos
259 3887 383 3970 agimus
405 3892 532 3972 praeter
554 3909 668 3954 navem
690 3889 834 3972 velisque
856 3891 1020 3956 volamus.

154 3999 263 4065 sidera
285 4020 412 4066 cessare
435 4001 586 4067 aetheriis
609 4003 717 4068 adfixa
740 4006 884 4070 cavernis

154 4119 269 4183 cuneta
288 4114 455 4199 videntur,
473 4118 505 4180 et
527 4113 663 4180 adsiduo
687 4123 760 4181 sunt
783 4118 890 4181 onmia
911 4125 1018 4202 motu,

158 4358 208 4408 861
230 4364 331 4406 urinum
351 4355 364 4426 Η
384 4366 503 4409 tuentur.
524 4355 538 4426 Η
559 4359 609 4408 368
628 4356 691 4406 alini
711 4355 725 4428 Η
745 4359 795 4408 378
815 4359 896 4408 adluit
