3236 5020
700 380 731 443 II

148 553 272 637 pabula
294 571 366 614 cum
387 550 541 633 praebet,
558 550 673 630 quibus
696 569 807 614 omues
830 571 964 634 corpora
990 559 1126 634 pascunt

149 672 183 732 et
207 665 333 731 dulcem
357 663 477 728 ducunt
497 663 595 728 vitam
620 663 804 745 prolemque
827 673 1030 748 propagant;

151 800 215 861 qua
237 785 368 863 propter
389 777 501 842 merito
525 782 703 841 maternum
726 797 843 842 nomen
866 778 983 862 adepta
1003 786 1071 844 cst.

150 893 238 958 cedit
259 894 335 958 item
357 898 463 968 retro,
482 890 522 955 de
544 897 627 956 terra
650 888 734 972 quod
758 890 817 954 fuit
839 898 934 975 ante,

63 1029 131 1076 1000
150 1008 187 1072 in
209 1015 331 1084 terras,
348 1012 379 1069 et
401 1004 485 1087 quod
510 1005 672 1069 missumst
696 1025 736 1069 ex
759 1005 899 1072 aetheris
921 1006 1006 1084 oris,

145 1122 182 1186 id
206 1142 331 1186 rursum
354 1120 434 1184 caeli
457 1119 603 1183 rellatum
627 1122 747 1204 templa
769 1127 953 1205 receptant.

148 1257 211 1302 nco
234 1237 280 1300 sic
303 1233 463 1298 interemit
484 1253 569 1298 mors
592 1253 665 1310 res,
681 1240 715 1297 ut
737 1235 881 1299 materiai

150 1370 289 1435 corpora
313 1347 480 1429 conficiat,
498 1347 556 1411 sed
579 1353 702 1414 coctum
727 1349 873 1432 dissupat
895 1350 989 1415 ollis:

150 1466 227 1529 inde
251 1463 324 1528 aliis
347 1461 433 1526 aliud
457 1462 678 1546 coniungitur,
696 1469 727 1527 et
748 1463 782 1526 fit
805 1470 839 1528 ut
861 1483 970 1528 omues

64 1601 134 1646 1005
153 1600 207 1643 res
229 1578 273 1642 ita
296 1582 480 1641 convertant
503 1574 624 1640 formas
647 1583 830 1659 mutentque
853 1578 976 1642 colores

158 1697 190 1755 et
210 1692 336 1773 capiant
359 1709 471 1755 seusus
494 1696 525 1754 et
548 1696 664 1773 puncto
687 1697 830 1773 tempore
853 1691 1008 1776 reddant,

158 1812 192 1868 ut
212 1824 324 1869 noscas
347 1804 466 1868 referre
489 1804 603 1870 eadem
627 1805 801 1888 primordia
824 1825 928 1870 rerum

156 1939 225 1983 cum
249 1919 364 2000 quibus
387 1924 418 1982 et
440 1919 528 1999 quali
552 1920 695 2002 positura
718 1921 941 1985 contineantur

153 2039 184 2096 et
206 2053 287 2116 quos
309 2033 391 2096 inter
413 2053 447 2096 se
470 2033 547 2095 dcnt
568 2039 672 2098 motus
695 2035 938 2118 accipiantque,

74 2169 137 2215 1010
154 2167 236 2213 neve
259 2153 350 2230 putes
373 2153 506 2210 aeterna
529 2165 628 2231 penes
651 2147 791 2224 residere
814 2155 943 2230 potesse

152 2281 288 2345 corpora
312 2262 434 2343 prima,
459 2261 543 2341 quod
567 2261 598 2323 in
622 2261 742 2326 cunctis
764 2261 887 2326 fluitare
910 2261 1054 2327 videmus

153 2376 247 2440 rebus
270 2381 300 2439 ct
322 2375 402 2438 inter
424 2374 500 2437 dum
523 2375 612 2439 nasci
636 2376 803 2456 subitoque
825 2377 949 2459 perire.

193 2489 288 2576 [Quin
312 2477 407 2554 etiam
430 2489 529 2554 refert
551 2490 668 2554 nostris
691 2491 724 2554 in
747 2489 891 2554 versibus
914 2491 993 2573 ipsis

152 2625 223 2668 cum
247 2604 362 2685 quibus
384 2611 415 2667 et
438 2603 524 2686 quali
548 2604 610 2668 sint
633 2604 746 2668 ordine
769 2622 914 2684 quaeque
936 2603 1064 2668 locata.

76 2737 137 2784 1011
155 2719 180 2782 si
203 2739 266 2782 non
290 2719 398 2782 omnia
421 2726 513 2795 sunt,
532 2725 566 2782 at
588 2720 686 2782 multo
710 2718 852 2782 maxima
874 2737 951 2801 pars
975 2725 1022 2782 cst

11 2853 12 2918 1
155 2833 348 2897 consimilis:
366 2853 475 2898 verum
497 2833 643 2917 positura
666 2832 873 2916 discrepitant
899 2852 970 2896 res.

11 2929 12 2970 ¹
154 2946 198 3010 sio
219 2947 298 3030 ipsis
320 2947 353 3010 in
377 2948 472 3012 rebus
493 2948 569 3012 item
591 2948 654 3011 iam
678 2949 821 3012 materiai

78 3081 137 3127 1021
156 3080 325 3127 concursus
350 3067 452 3126 motus
475 3063 554 3126 ordo
576 3064 721 3146 positura
743 3062 864 3144 figurae

155 3195 223 3238 oum
244 3180 483 3259 permutantur,
500 3180 612 3241 mutari
635 3198 688 3243 res
712 3196 839 3259 quoque
862 3176 998 3242 debent.

193 3291 283 3354 Nunc
305 3291 446 3354 animum
470 3291 562 3356 nobis
585 3290 702 3356 adhibe
724 3311 834 3356 veram
858 3289 900 3355 ad
923 3291 1098 3353 rationem.

156 3422 226 3464 nam
247 3404 305 3468 tibi
328 3411 490 3470 vementer
513 3425 597 3474 nova
620 3425 671 3468 res
694 3404 822 3468 molitur
845 3404 886 3466 ad
910 3402 997 3466 auris

81 3535 142 3582 1015
157 3516 299 3583 accidere
322 3524 353 3583 et
375 3539 458 3582 nova
481 3539 516 3584 se
539 3516 664 3600 species
687 3516 855 3582 ostendere
879 3536 1003 3580 rerum.

157 3627 210 3692 sed
233 3650 336 3712 neque
359 3639 424 3695 tarn
447 3632 551 3698 facilis
574 3653 626 3698 res
649 3632 714 3695 ulla
736 3635 805 3714 est,
823 3632 900 3711 quin
923 3649 963 3694 ea
986 3632 1120 3714 primum

158 3741 293 3809 difficilis
317 3745 421 3826 magis
443 3745 484 3810 ad
509 3746 702 3812 credendum
726 3751 868 3821 constet,
885 3744 1024 3826 itemque

157 3899 280 3907 ---—.-.
299 3903 353 3908 ..-

161 3985 206 4032 098
230 3984 348 4048 adempta
374 3981 386 4052 Η
414 3987 481 4034 1000
504 3986 594 4034 missus
618 3983 631 4054 ΙΙ
659 3990 725 4036 1002
751 3996 778 4036 ut
801 4003 840 4037 res
865 3985 878 4055 ΙΙ
906 3989 972 4036 1004
996 3985 1130 4046 coniungit
1153 3994 1177 4034 et
1200 3985 1279 4034 efficit

161 4088 258 4122 omues.
284 4068 297 4138 Η
325 4074 390 4121 1007
415 4087 503 4120 earum
527 4069 540 4138 ii
568 4075 632 4120 1011
658 4075 762 4122 summis
789 4073 801 4142 ΙΙ
831 4075 1065 4132 1015=1‚820.
1090 4068 1103 4137 ij
1134 4073 1199 4118 1016
1220 4070 1278 4132 Sig-

161 4159 260 4208 nificant
282 4159 370 4209 eedem
395 4160 480 4223 fruges
502 4159 605 4208 arbusta
622 4161 776 4209 animantis.
804 4157 816 4226 Η
845 4163 910 4208 1017
931 4158 981 4207 sint
1006 4155 1018 4225 Η
1043 4173 1089 4221 par
1113 4156 1125 4220 ,Ι
1152 4157 1218 4203 1020
1238 4155 1280 4203 In-

162 4247 261 4296 tervalla
278 4247 332 4296 vias
351 4263 463 4296 conexus
480 4247 594 4310 pondera
617 4246 736 4309 plagees.
761 4243 775 4313 ΙΙ
803 4249 868 4296 1023
888 4245 1054 4294 adhibueram
1080 4239 1093 4310 ss
1121 4243 1188 4290 1024
1207 4242 1280 4292 vehe-

162 4341 252 4383 mentes
271 4333 284 4400 Η
307 4335 373 4382 1025
392 4335 523 4384 Accedere
